1982 3172
146 94 232 143 ΑΒ
264 91 530 142 ALFANO
566 90 631 140 IN
666 90 957 139 LATINUM
991 88 1433 138 TRANSLATUM
1470 88 1609 136 CAP.
1637 89 1675 135 11
1724 96 1794 146 45

104 236 418 291 inanimata,
455 232 740 294 multoque
776 231 1017 293 amplius
1054 230 1328 288 caelestia,
1367 236 1425 280 ut
1462 231 1540 280 sic
1575 231 1792 279 univer-

104 309 236 360 salis
269 309 486 358 animae
523 314 709 370 partes
744 312 930 357 essent
965 305 1311 368 singulorum
1348 306 1581 355 animae.
1629 304 1693 355 Et
1723 306 1792 355 si·
1824 315 1884 354 89

104 383 326 447 quidem
386 382 673 432 individue
720 381 894 431 dividi
939 394 1062 431 eam
1109 380 1353 431 dicerent
1398 386 1458 430 ut
1503 393 1696 430 vocem
1738 380 1791 428 in

101 457 471 515 audientibus,
499 457 847 507 moderatum
875 462 1022 506 esset
1049 455 1273 505 malurn.
1313 454 1472 504 Nunc
1499 460 1684 505 autem
1712 455 1793 516 ip-

55 550 78 583 5
102 547 219 583 sam
254 533 620 583 substantiam
655 532 871 581 animae
906 530 1080 580 dividi
1115 530 1317 587 dicunt,
1353 535 1405 580 et
1439 529 1589 592 quod
1618 530 1791 579 omni-

102 608 203 657 bus
242 614 326 658 est
369 607 625 664 deteriuS,
669 605 1043 668 principaliter
1084 619 1205 655 eam
1249 606 1303 655 in
1345 604 1631 655 elementis
1668 618 1790 653 esse

99 682 294 732 volunt
313 688 370 732 et
393 681 670 744 dispertiri
696 694 819 730 curn
843 681 979 742 ipsis
1004 681 1057 730 in
1078 685 1205 730 ortu
1225 692 1544 741 corporum;
1568 679 1790 729 iterum-

99 770 203 819 que
244 756 315 806 ad
360 770 419 806 se
461 756 658 806 reverti
703 754 990 805 dissolutis
1035 754 1375 816 corporibus,
1416 760 1475 804 ut
1513 767 1658 816 aqua
1702 753 1782 803 di-

100 844 290 893 spersa
313 831 619 892 iterumque
647 829 876 879 collecta
904 835 957 879 et
985 830 1297 886 commixta,
1325 835 1378 878 et
1402 828 1591 878 dicunt
1615 842 1783 890 puras

35 921 77 955 ιο
99 906 311 955 animas
339 904 563 955 tendere
591 903 662 954 ad
693 903 885 960 lucem,
914 903 1008 952 lux
1037 904 1352 960 existenteS,
1380 916 1581 965 graves
1604 909 1789 953 autem

97 994 128 1029 a
158 980 386 1030 materia
416 978 640 1029 tendere
671 979 726 1027 in
755 977 1028 1028 elementa
1056 983 1111 1027 et
1140 977 1210 1027 ab
1234 977 1521 1028 elementis
1552 978 1606 1026 in
1634 977 1788 1039 plan-

97 1061 181 1104 tas
224 1060 279 1104 et
323 1053 600 1103 animalia.
647 1052 845 1115 Sicque
891 1052 1258 1103 substantiam
1305 1053 1425 1102 eius
1473 1051 1787 1103 dividentes

95 1136 149 1179 et
181 1142 503 1191 corpoream
535 1127 891 1179 ostendentes
924 1141 988 1177 ac
1019 1127 1374 1190 passionibus
1409 1133 1788 1189 supponentes

98 1202 463 1253 immortalem
510 1216 632 1252 esse
680 1202 883 1253 dicunt.
942 1201 1051 1252 Sed
1098 1202 1347 1252 incidunt
1394 1203 1448 1251 in
1498 1204 1785 1252 contraria.
1822 1212 1878 1252 90

31 1292 73 1325 15
100 1277 354 1328 Dicentes
389 1278 534 1327 enim
573 1277 878 1327 discurrere
915 1290 1115 1339 graves
1152 1277 1366 1327 animas
1405 1277 1476 1326 ad
1515 1276 1786 1327 elementa

98 1353 341 1415 ipsisque
382 1353 738 1409 commisceri,
780 1353 976 1402 iterum
1018 1366 1112 1402 eas
1154 1358 1282 1414 post
1322 1353 1785 1413 incorporationis

96 1428 502 1489 separationem
561 1426 804 1477 fatentur
850 1426 1100 1476 damnari
1146 1428 1300 1477 iuxta
1343 1426 1783 1489 magnitudinem

96 1507 444 1563 peccatorum
476 1502 727 1552 unientes
759 1515 853 1551 eas
885 1502 1194 1563 iterumque
1226 1515 1323 1563 per
1355 1515 1413 1551 se
1446 1508 1783 1563 separantes

93 1589 160 1625 eo
193 1575 341 1638 quod
375 1582 429 1626 et
461 1576 688 1626 umbrae
722 1576 841 1626 luce
876 1582 1166 1638 praesente
1200 1576 1522 1627 dividantur
1547 1583 1605 1627 et·
1633 1591 1784 1626 acce-

26 1662 71 1697 20
95 1650 257 1700 dente
288 1650 479 1700 nubilo
513 1652 787 1701 uniantur.
833 1650 944 1701 Sed
974 1651 1320 1713 impossibile
1354 1657 1438 1702 est
1470 1651 1655 1701 hocin
1689 1665 1784 1701 na-

94 1732 215 1774 tura
238 1724 582 1787 intellegibili
608 1725 745 1775 fieri.
781 1725 994 1776 Etenim
1018 1726 1245 1776 umbrae
1272 1726 1615 1798 sensibilium
1642 1733 1784 1784 sunt,

93 1801 196 1849 etsi
223 1799 489 1850 concedat
513 1813 609 1850 eas
637 1801 760 1862 quis
786 1807 839 1851 et
866 1800 1041 1850 dividi
1068 1807 1121 1851 et
1142 1802 1338 1851 iterum
1368 1802 1524 1851 uniri.
1560 1795 1783 1861 {Plato
1819 1810 1869 1869 91

94 1887 226 1924 vero
256 1880 309 1924 et
340 1888 505 1924 unam
536 1888 659 1925 esse
689 1882 742 1925 et
773 1875 977 1925 multas
1007 1877 1224 1925 animas
1250 1875 1435 1932 docet;
1467 1890 1633 1925 unam
1661 1890 1783 1926 esse

96 1949 268 1998 totius
298 1950 553 2006 animam,
585 1946 787 2000 multas
820 1963 951 1999 vero
985 1952 1239 2012 partium,
1274 1957 1331 2001 ut
1362 1951 1433 2000 ad
1460 1957 1636 2000 totum
1671 1953 1784 2002 ani-

28 2022 360 2072 25mandum
403 2025 574 2074 totius
617 2026 801 2074 anima
845 2026 914 2075 sit
958 2026 1197 2087 propria,
1243 2026 1551 2087 iterumque
1594 2026 1665 2075 ad
1703 2040 1784 2083 ea,

97 2111 236 2159 quae
293 2098 596 2147 secundum
654 2105 880 2161 partem,
939 2101 1009 2150 sit
1065 2102 1291 2162 propria
1349 2101 1784 2162 uniuscuiusque

96 2173 295 2221 anima.
338 2171 402 2223 Et
434 2173 565 2222 dicit
597 2174 767 2223 totius
799 2174 1021 2236 quidem
1054 2176 1296 2224 animam
1330 2175 1571 2225 distendi
1598 2189 1630 2224 a
1663 2189 1784 2225 cen·
1819 2183 1917 2229 920

96 2252 180 2296 tro
215 2252 391 2297 terrae
428 2261 603 2309 usque
639 2247 710 2297 ad
746 2250 1010 2300 terminos
1048 2249 1199 2307 caeli,
1234 2263 1347 2300 non
1376 2249 1624 2300 localiter
1660 2263 1780 2299 eam

170 2395 196 2436 2
228 2397 346 2447 sing.
381 2408 454 2438 an.
489 2400 671 2448 transl).
706 2398 776 2438 ΡΑ
857 2400 895 2439 si
930 2400 1056 2448 quod
1089 2400 1122 2440 A
1285 2399 1311 2439 4
1345 2396 1484 2448 esset]
1520 2401 1657 2440 etiam
1692 2400 1725 2440 A

95 2454 122 2494 6
153 2455 431 2497 elementum
464 2458 502 2497 Β
654 2458 677 2496 7
711 2455 888 2507 volunt]
923 2459 1079 2499 dicunt
1111 2459 1145 2500 A
1249 2461 1294 2499 in
1329 2463 1428 2499 ortu
1460 2459 1540 2499 PA
1576 2463 1719 2500 morte
1751 2460 1788 2500 B

154 2514 181 2554 9
213 2526 304 2564 que
335 2527 425 2557 om.
458 2517 492 2557 A
703 2516 755 2557 13
788 2518 1040 2558 ostendens
1072 2518 1105 2558 A
1308 2518 1361 2558 14
1395 2519 1660 2559 inmortales
1691 2519 1730 2560 Ρ

99 2572 150 2612 17
185 2570 315 2615 (11ιάτὶ
349 2572 425 2624 (=
445 2574 689 2626 dominari)
723 2576 919 2617 fatentur
947 2577 982 2618 A
1117 2578 1170 2618 18
1204 2579 1417 2619 unientes
1449 2578 1488 2618 Ρ
1517 2574 1788 2619 viventes'B

95 2633 308 2675 timentes
329 2634 364 2675 A
473 2633 541 2684 se]
575 2647 680 2677 esse
711 2638 809 2676 sive
841 2638 1088 2677 essentiam
1121 2637 1209 2686 Ho,
1249 2639 1333 2678 sed
1364 2633 1610 2675 ὑπόεταειν
1642 2639 1784 2678 inter-

91 2703 203 2741 pres
230 2695 314 2734 cet.
338 2694 425 2735 loc.
451 2696 498 2735 in
524 2696 812 2736 existentiam
838 2692 924 2745 (52,
942 2693 986 2745 6)
1011 2698 1082 2737 vel
1107 2697 1408 2737 substantiam
1435 2694 1520 2746 (19,
1537 2701 1612 2746 14,·
1638 2702 1699 2747 70,
1715 2696 1784 2746 16)

95 2753 324 2802 expresslt
416 2753 470 2794 19
503 2765 649 2804 praes.
675 2756 765 2796 div.
791 2757 976 2806 transp.
1001 2756 1038 2795 Β
1130 2755 1186 2795 20
1219 2757 1266 2796 in
1290 2756 1372 2797 PA
1408 2756 1480 2797 vel
1505 2756 1543 2796 Β
1627 2756 1677 2797 21
1716 2758 1783 2797 ἰη-

94 2811 236 2861 telligi
261 2812 298 2852 B
348 2822 350 2824 ’
403 2812 458 2853 22
491 2824 572 2854 eas
596 2825 685 2855 om.
711 2815 746 2855 A
817 2818 862 2855 et
887 2811 1024 2865 (post
1049 2813 1171 2865 quis)
1197 2827 1286 2856 om.
1312 2816 1349 2856 Β
1456 2815 1512 2855 23
1545 2817 1723 2856 animas
1747 2817 1787 2856 Ρ

94 2881 199 2911 esse
230 2872 264 2911 A
298 2882 388 2912 om.
419 2872 457 2912 Β
636 2873 692 2914 25
725 2885 782 2914 ea
813 2874 852 2914 P
882 2885 982 2914 eam
1017 2874 1100 2915 AB
1273 2875 1329 2915 26
1362 2886 1453 2924 que
1485 2886 1631 2926 supra
1665 2887 1783 2916 vers.

95 2931 248 2981 suppl.
282 2926 341 2970 Ρ2
463 2931 517 2971 27
551 2934 688 2973 totius
722 2934 878 2973 dicunt
910 2935 943 2974 A
1092 2933 1146 2974 28
1179 2939 1303 2976 term.
1339 2936 1455 2975 caeli
1488 2937 1670 2986 transp.
1697 2936 1780 2976 PA
