1982 3172
224 98 295 147 86
590 91 847 138 NEMESII
883 91 1198 138 PREMNON
1231 92 1556 138 PHYSICON

229 228 430 278 etenim
452 228 595 278 sicca
619 234 673 278 et
700 241 809 277 uva
835 242 1002 291 passa
1028 234 1081 279 et
1108 228 1341 293 dactylis
1363 243 1472 279 una
1495 229 1907 292 superabundat

231 301 484 364 qualitas,
523 316 663 365 quae
704 308 788 353 est
827 302 1130 354 secundum
1172 303 1534 362 dulcedinem,
1575 303 1672 355 sed
1711 309 1908 367 gustus

231 376 489 427 discernit
524 376 829 439 specierum
871 376 1233 428 differentias.

144 657 209 707 10
839 583 956 649 DE
1005 583 1318 652 AUDITU

91 737 96 739 ·
175 728 194 768 1
293 718 535 770 Auditus
562 726 746 771 autem
775 733 976 770 vocum
1008 725 1061 771 et
1092 734 1355 771 sonorum
1385 727 1469 772 est
1495 721 1764 772 sensiVuS.
1791 721 1913 772 Dis·
1959 736 1982 770 5

233 793 403 844 cernit
440 806 574 844 vero
617 807 809 844 eorum
849 807 1082 844 acumen
1122 799 1178 845 et
1217 794 1592 857 gravedinem,
1633 793 1912 846 lenitatem

171 877 196 917 2
232 873 286 918 et
326 867 682 931 asperitatem
725 874 890 931 atque
932 868 1386 932 magnitudinem.
1441 867 1618 919 Huius
1658 881 1793 920 vero
1835 868 1914 918 in-

234 947 538 993 strumenta
595 947 721 993 sunt
778 943 932 992 nervi
973 942 1170 993 molles
1213 957 1246 992 a
1289 943 1509 994 oerebro
1552 942 1913 1006 procedentes

232 1016 558 1079 auriumque
625 1017 970 1080 compositio,
1039 1022 1092 1067 et
1156 1018 1395 1068 maxime
1436 1016 1913 1081 ‚cartilaginosum

231 1104 438 1141 earum.
479 1089 569 1141 Ad
609 1104 777 1142 sonos
812 1105 1054 1154 namque
1087 1097 1142 1142 et
1179 1097 1370 1142 cantus
1408 1104 1653 1154 congrua
1683 1096 1769 1142 est
1800 1104 1914 1142 car-
1942 1106 1982 1141 10

175 1174 201 1214 3
230 1164 422 1228 tilago.
453 1164 635 1215 Homo
659 1178 794 1216 vero
821 1165 974 1216 solus
1001 1172 1168 1228 atque
1193 1165 1353 1216 simia
1374 1179 1488 1215 non
1507 1170 1732 1216 movent
1753 1178 1914 1215 aures

234 1238 358 1290 aliis
390 1239 647 1290 omnibus
684 1239 1015 1290 animalibus
1051 1253 1213 1290 aures
1249 1239 1578 1290 habentibus
1614 1239 1765 1302 ipsas
1800 1253 1915 1290 mo-

229 1313 502 1364 ventibus.

150 1550 206 1598 11
786 1474 902 1541 DE
952 1474 1370 1542 ODORATU

177 1620 194 1660 1
297 1610 579 1662 Odoratus
618 1617 804 1662 autem
848 1610 914 1661 fit
955 1624 1053 1674 per
1093 1623 1254 1660 nares
1298 1611 1614 1673 pertingens
1656 1609 1728 1660 ad
1769 1609 1912 1660 fines
1942 1626 1982 1660 15

232 1685 567 1736 anteriorum
612 1685 816 1735 cerebri
859 1685 1149 1735 ventrium.
1203 1684 1272 1735 Hi
1315 1697 1553 1747 namque
1594 1684 1912 1747 vaporosis-

234 1759 356 1809 simi
378 1765 578 1810 natura
605 1759 903 1810 existentes
929 1772 1167 1821 vapores
1198 1758 1457 1808 facillime
1486 1757 1769 1820 recipiunt.
1805 1756 1913 1808 Va-

234 1847 423 1895 porem
450 1839 636 1884 autem
671 1832 794 1884 dico
825 1833 1108 1883 humidam
1143 1832 1537 1884 fumositatem.
1582 1831 1799 1883 Dictum
1829 1837 1913 1882 est

232 1908 377 1958 enim
415 1908 583 1970 prius,
624 1907 773 1970 quod
809 1907 1193 1970 unusquisque
1230 1921 1492 1957 sensuum
1532 1906 1755 1968 propria
1793 1919 1913 1956 sen-

176 1991 200 2031 2
234 1981 414 2033 sibilia
441 1982 682 2044 recipiat.
726 1980 835 2032 Sed
866 1987 926 2032 ut
957 1980 1080 2031 aliis
1113 1981 1382 2039 sensibus
1412 1995 1523 2031 non
1552 1981 1630 2031 sic
1666 1984 1914 2036 odoratui
1938 1996 1982 2031 zo

234 2071 464 2108 nervum
510 2055 826 2107 sensibilem
870 2055 1174 2106 transmisit
1219 2055 1516 2112 cerebrum,
1563 2054 1660 2105 sed
1706 2053 1913 2104 finibus

235 2132 349 2182 suis
405 2144 701 2181 nervo-rum
761 2130 935 2192 replet
991 2129 1172 2180 locum
1216 2142 1598 2192 vaporumque
1640 2129 1913 2180 ministra-

180 2215 203 2254 3
239 2206 442 2256 tionem
483 2205 725 2267 suscipit.
778 2203 1050 2266 Saporum
1091 2209 1275 2255 autem
1315 2202 1588 2266 generalis
1628 2208 1712 2254 est
1752 2201 1915 2253 diffe-

238 2280 412 2330 rentia
447 2279 627 2330 bonus
668 2278 809 2329 odor
845 2285 899 2328 et
938 2278 1117 2328 malus
1158 2278 1298 2328 odor
1335 2283 1389 2328 et
1422 2277 1619 2327 horum
1654 2275 1914 2334 medium,

239 2354 386 2415 quod
402 2367 502 2404 nec
516 2354 645 2403 boni
661 2354 850 2404 odoris
866 2359 949 2404 est
963 2367 1062 2404 nec
1076 2353 1204 2403 mali
1222 2353 1425 2403 odoris,
1443 2353 1524 2402 Fit
1537 2357 1720 2402 autem
1735 2351 1915 2402 bonus
1939 2366 1982 2400 25

312 2504 338 2543 4
370 2504 439 2544 De
473 2497 630 2544 a'udItu
663 2504 703 2544 Ρ
740 2503 848 2543 **25
878 2504 973 2554 fere
1005 2504 1094 2543 litt.
1127 2502 1162 2543 A
1205 2507 1258 2542 32
1287 2503 1382 2552 fere
1412 2503 1502 2542 litt.
1533 2501 1571 2541 Β
1789 2500 1816 2540 5
1848 2502 1918 2542 est

238 2576 325 2604 om.
358 2563 392 2604 A
546 2563 570 2603 7
605 2566 650 2604 et
681 2575 769 2604 om.
801 2563 839 2603 Β
992 2561 1044 2601 10
1077 2573 1232 2602 eorum
1264 2561 1299 2601 A
1398 2571 1541 2601 sonus
1572 2560 1611 2600 Ρ
1699 2555 1915 2610 namque]

238 2634 345 2663 vero
369 2623 406 2663 Β
530 2622 578 2662 11
616 2623 742 2663 solus
775 2625 913 2672 atque
945 2622 1079 2662 simia
1101 2621 1140 2661 P
1169 2621 1295 2661 solus
1326 2623 1371 2660 et
1401 2619 1567 2660 similia
1590 2619 1624 2659 A
1658 2622 1703 2660 et
1726 2619 1858 2659 simia
1879 2617 1917 2658 B

300 2681 353 2721 12
383 2683 496 2732 post
527 2682 628 2722 aliis
660 2682 772 2722 add.
802 2692 911 2722 vero
944 2680 1027 2721 AB
1088 2680 1302 2720 omnibus
1334 2691 1422 2719 om.
1454 2678 1489 2719 A
1614 2677 1668 2718 14
1699 2677 1771 2720 De
1801 2677 1915 2719 odo-

239 2743 333 2780 ratu
366 2741 405 2781 P
442 2740 549 2780 ”48
580 2742 675 2791 sere
708 2742 798 2782 litt.
830 2740 866 2781 A
898 2745 951 2780 42
980 2741 1076 2790 fere
1107 2740 1198 2779 litt.
1229 2738 1267 2779 B
1430 2737 1483 2777 15
1516 2738 1790 2787 contingens
1820 2735 1859 2777 Β

239 2799 378 2840 linem
412 2799 491 2839 PA
706 2799 761 2839 19
789 2801 903 2850 post
932 2808 1150 2839 sensuum
1183 2798 1227 2837 d.
1261 2798 1290 2836 ι’.
1323 2808 1363 2837 υ.
1396 2790 1499 2834 καθ’
1529 2791 1782 2845 ὁμοιότητά
1813 2803 1916 2834 τινα

240 2855 313 2894 καὶ
345 2853 607 2907 οἰκειότητα
769 2859 821 2899 21
858 2857 1078 2899 sensibile
1109 2857 1148 2898 P
1249 2856 1505 2896 transmittit
1536 2855 1570 2896 A
1734 2853 1790 2894 22
1821 2855 1916 2895 suis

239 2929 326 2957 om.
360 2917 396 2957 Β
518 2917 572 2957 24
607 2911 742 2958 odor²
775 2920 820 2959 et
852 2917 906 2965 25
940 2909 1117 2957 odoris²
1148 2926 1237 2955 om.
1269 2914 1350 2955 AB
