1982 3172
663 107 747 154 DE
783 106 925 153 v1su
960 104 1098 152 CAP.
1125 103 1209 151 v11
1720 112 1787 161 77

108 247 308 299 incidat
333 260 548 309 corpus.
604 246 685 296 Fit
713 246 857 295 enim
889 258 982 294 aer
1012 257 1281 307 organum
1313 242 1474 292 oculo
1501 242 1572 291 ad
1603 243 1789 304 cogni·
1829 252 1881 291 10

108 324 309 374 tionem
335 319 638 372 visibilium
672 319 797 378 tale,
830 318 992 382 quale
1023 324 1108 369 est
1139 318 1196 367 in
1229 316 1451 368 cerebro
1480 329 1699 374 nervuS,
1732 322 1792 366 ut

107 410 214 460 qua
246 396 457 447 ratione
495 408 554 445 se
589 394 755 445 habet
793 393 1074 444 cerebrum
1111 392 1183 443 ad
1218 406 1465 450 nervum,
1499 390 1694 441 eadem
1733 405 1791 440 se

105 470 303 521 habeat
322 469 516 520 oculus
538 469 610 520 ad
632 482 831 527 aerem,
855 469 1012 531 quasi
1035 468 1340 518 animatum
1361 481 1396 516 a
1416 465 1585 516 solari
1608 464 1790 528 splen-

59 541 272 596 5dore.’
328 543 602 600 Quoniam
647 557 781 595 vero
825 549 988 594 natus
1034 543 1104 593 sit
1147 555 1242 592 aer
1286 540 1788 604 propinquantibus
1827 551 1873 590 11

106 619 430 682 corporibus
474 618 851 675 coassimilari,
898 616 1254 667 manifestum
1301 615 1450 679 quod
1497 614 1791 665 accedente

107 694 275 744 rubeo
313 693 500 757 aliquo
539 693 628 744 vel
670 693 863 744 citrino
906 693 1022 742 sive
1063 697 1293 754 argento
1334 689 1631 754 splendido
1670 688 1790 739 luce

108 774 395 831 praesente
419 767 489 818 ab
519 766 673 818 illato
704 768 1038 817 convertitur
1068 779 1175 815 aer.
1228 764 1668 829 Porphyrius
1696 777 1791 814 au·
1830 775 1882 815 12

109 850 216 893 tem
246 843 299 892 in
333 841 472 892 libro
506 841 574 892 de
608 840 969 892 sensibilitate
1002 854 1102 890 nec
1133 839 1418 902 pulverem
1448 853 1549 889 nec
1581 838 1791 889 idolum

42 932 85 968 ιο
109 930 208 967 nec
239 915 390 967 aliud
431 915 563 979 quid
602 915 732 966 dicit
770 928 893 965 esse
932 928 1156 964 causam
1195 914 1438 971 videndi,
1475 913 1573 964 sed
1612 914 1793 976 ipsam

106 991 345 1041 animam
387 1003 720 1052 cognoscere
765 1002 823 1039 se
865 990 1059 1052 ipsam,
1103 1001 1170 1039 eo
1214 987 1365 1051 quod
1409 988 1608 1045 omnia,
1651 1001 1792 1050 quae

103 1070 229 1115 sunt
248 1064 489 1116 visibilia
512 1065 752 1115 animam
779 1063 1088 1115 cohabeant
1113 1064 1331 1126 sintque
1346 1064 1533 1114 omnia
1547 1065 1789 1113 animam

105 1138 430 1190 cohabentia
457 1152 689 1202 corpora
723 1137 958 1189 diversa.
1010 1136 1219 1188 Volens
1252 1150 1490 1205 namque
1521 1150 1645 1187 esse
1677 1138 1791 1186 ani-

107 1227 251 1263 mam
296 1212 619 1264 rationalem
666 1212 792 1263 ideo
838 1212 970 1263 dicit
1015 1225 1350 1275 cognoscere
1397 1226 1455 1262 se
1514 1213 1694 1275 ipsam
1736 1213 1791 1261 in

39 1303 82 1338 15
105 1287 360 1338 omnibus
386 1287 764 1339 existentibus.
884 1286 1049 1338 Videt
1080 1292 1264 1337 autem
1298 1287 1453 1337 visus
1487 1300 1584 1349 per
1616 1292 1792 1337 rectas
1829 1292 1881 1332 13

107 1361 293 1419 lineas,
333 1362 498 1413 sentit
539 1367 724 1413 autem
766 1360 1070 1412 secundum
1114 1362 1347 1425 primam
1391 1362 1660 1412 rationem
1703 1374 1791 1411 co-

107 1436 250 1487 lores
272 1442 325 1487 et
354 1450 476 1486 cum
504 1437 641 1500 ipsis
671 1436 909 1487 dinoscit
937 1435 1243 1487 coloratum
1273 1449 1475 1498 corpus
1499 1442 1553 1486 et
1580 1436 1791 1498 magni-

109 1509 353 1562 tudinem
389 1511 510 1562 eius
550 1518 605 1562 et
644 1511 884 1575 figuram
925 1517 978 1562 et
1018 1510 1217 1569 locum,
1257 1512 1312 1560 in
1350 1524 1460 1573 quo
1501 1517 1586 1561 est
1620 1516 1673 1561 et
1714 1510 1794 1560 di-

108 1586 366 1637 stantiam
393 1591 447 1637 et
478 1585 767 1637 numerum
799 1591 854 1637 et
885 1586 1187 1636 motionem
1219 1591 1386 1648 atque
1419 1586 1713 1636 stationem
1743 1592 1796 1635 et

42 1674 89 1710 20
108 1673 366 1723 asperum
386 1666 443 1712 et
470 1660 697 1723 planum
725 1664 779 1712 et
803 1660 1037 1724 aequale
1062 1666 1118 1712 et
1142 1661 1466 1723 inaequaele
1493 1666 1547 1711 et
1573 1666 1795 1711 acutum

112 1739 165 1784 et
191 1734 450 1786 obtusum
481 1740 536 1786 et
567 1736 949 1793 constantiam,
982 1735 1099 1785 sive
1131 1748 1346 1798 aquosa
1376 1735 1446 1785 sit
1475 1735 1592 1785 sive
1623 1739 1801 1785 terrea

111 1814 170 1858 ut
197 1807 428 1858 humida
458 1814 513 1860 et
544 1810 702 1860 sicca.
747 1809 1039 1872 Proprium
1073 1810 1240 1872 igitur
1270 1810 1393 1859 eius
1424 1808 1685 1859 sensibile
1712 1814 1797 1860 est
1839 1817 1890 1857 14

114 1881 278 1932 color.
324 1881 425 1933 Per
463 1882 642 1934 solum
678 1897 921 1947 namque
955 1885 1138 1934 visum
1177 1883 1392 1934 colores
1430 1882 1797 1947 apprehendi-

116 1970 254 2014 muS,
289 1955 490 2007 deinde
524 1971 658 2008 vero
695 1972 819 2008 cum
857 1958 1042 2010 colore
1078 1964 1133 2010 et
1169 1957 1476 2009 coloratum
1512 1971 1714 2021 corpus
1745 1965 1800 2009 et

52 2046 96 2081 25
120 2030 316 2089 locum,
343 2031 398 2080 in
431 2044 542 2094 quo
574 2033 863 2095 contigerit
892 2047 1018 2084 esse
1049 2033 1283 2091 visibile,
1314 2039 1368 2084 et
1398 2033 1718 2084 distantiam
1746 2033 1801 2083 in

189 2181 215 2221 4
247 2181 407 2222 solaris
440 2182 480 2223 P
629 2183 654 2223 5
687 2181 813 2233 vero]
847 2187 998 2225 autern
1031 2184 1065 2224 A
1161 2186 1320 2225 malim
1357 2179 1805 2237 <ap>propinquan-

113 2241 232 2281 tibus
263 2243 515 2283 secundum
549 2254 806 2283 sermonem
840 2244 1034 2295 interpr.
1067 2244 1124 2295 cf.
1156 2249 1224 2294 54,
1244 2249 1319 2295 19,·
1348 2248 1414 2294 85,
1435 2249 1452 2284 1
1651 2245 1674 2284 7
1711 2245 1805 2284 rub.

112 2346 169 2386 al.
201 2348 384 2397 transp.
417 2346 451 2387 A
487 2310 571 2387 rub³
601 2326 692 2396 alig
725 2348 763 2387 Β
836 2348 979 2388 cirino
1010 2348 1084 2389 Ηο
1117 2350 1396 2389 dubitanter
1457 2347 1572 2398 sive]
1605 2350 1678 2389 vel
1710 2350 1744 2390 A

113 2409 301 2456 argento
333 2399 392 2447 Ρι
425 2410 638 2456 argentes
669 2400 822 2447 P³AB
958 2407 1013 2447 10
1046 2409 1158 2458 quid
1189 2420 1278 2448 om.
1311 2409 1346 2449 A
1481 2407 1530 2448 11
1563 2410 1678 2459 post
1708 2410 1805 2448 ani-

115 2473 232 2504 mam
264 2466 309 2506 d.
341 2467 372 2507 ἰ.
405 2478 445 2507 υ.
479 2461 850 2515 ἐντυγχάνουεαν
880 2466 978 2505 τοῖς
1010 2463 1216 2516 ὁρατοῖς,
1255 2470 1370 2519 post
1400 2479 1452 2508 se
1485 2469 1633 2517 ipsam
1665 2462 1806 2506 οὖεαν

113 2517 173 2561 τὰ
201 2519 347 2573 ὁρατά
544 2525 598 2566 12
638 2526 902 2567 cohabeant
932 2526 1013 2568 PA
1055 2527 1242 2568 coh’ant
1271 2527 1310 2568 Β
1348 2527 1599 2568 cohibeant
1628 2527 1702 2568 Ηο

118 2581 289 2623 12-13
313 2585 512 2626 animam
537 2585 806 2626 cohibentia
821 2585 895 2625 Ho
920 2582 1113 2635 (iormae
1138 2587 1292 2627 cohib.
1314 2584 1534 2637 exspect.)
1559 2588 1714 2627 anima
1739 2588 1805 2627 in-

115 2641 407 2684 cohaerentia
437 2644 476 2686 Β
598 2645 653 2685 13
686 2655 791 2686 esse
823 2656 897 2685 an.
929 2647 1114 2696 transp.
1146 2646 1230 2687 AB
1354 2645 1408 2686 14
1436 2648 1552 2698 post
1581 2649 1661 2688 rat.
1693 2647 1805 2688 add.

117 2703 163 2740 et
185 2700 223 2741 Β
311 2702 418 2744 ideo
450 2704 560 2745 dicit
582 2704 623 2746 P
653 2705 760 2745 ideo
795 2704 956 2745 dicitur
979 2705 1014 2745 A
1049 2705 1139 2745 deo
1171 2705 1335 2746 dicitur
1357 2705 1395 2747 Β
1522 2705 1575 2746 15
1608 2705 1746 2748 Videt
1769 2707 1809 2747 Ρ

114 2758 239 2800 idem
270 2760 353 2802 AB
495 2764 550 2805 16
581 2768 734 2804 autem
767 2775 857 2805 om.
889 2764 927 2806 Β
1070 2763 1126 2805 20
1158 2758 1242 2815 et¹l
1276 2767 1415 2814 atque
1445 2765 1484 2807 B
1546 2758 1686 2819 (εὔ)
1719 2777 1806 2817 eqo

115 2815 228 2869 (καὶ)
334 2814 403 2862 et³
431 2834 470 2863 s.
501 2835 543 2865 υ.
575 2825 730 2875 suppl.
763 2817 824 2865 Ρ2
1004 2823 1055 2864 21
1092 2818 1161 2865 et¹
1191 2835 1282 2866 om.
1314 2824 1399 2867 AB
1499 2825 1661 2867 malim
1695 2836 1804 2866 con-

114 2879 382 2927 sistentiam,
414 2882 471 2933 cs.
501 2882 703 2925 Iudicem
827 2882 884 2922 22
917 2879 981 2932 ut]
1014 2884 1087 2924 vel
1119 2884 1158 2923 Β
1241 2882 1391 2934 igitur]
1425 2895 1536 2935 ergo
1568 2885 1606 2925 B
1681 2895 1805 2927 sens,

115 2943 184 2979 est
217 2942 398 2990 transl).
433 2941 510 2983 PA
