1982 3172
130 110 218 158 AB
250 106 515 156 ALFANO
551 106 616 153 ΙΝ
650 103 941 152 LATINUM
974 100 1413 149 TRANSLATUM
1450 99 1588 147 CAP.
1617 101 1632 146 1
1700 108 1759 157 17

75 246 507 304 rationabilibus
551 246 748 295 mentis
793 251 975 293 autem
1021 249 1073 292 et
1118 240 1443 303 disciplinae
1487 241 1755 303 percepti·
1795 248 1850 288 65

75 323 196 382 bile,
221 323 351 386 quia
376 319 643 372 discendo
669 319 955 370 inhaerent
979 317 1142 368 nobis
1168 322 1315 368 artes
1337 321 1394 367 et
1414 313 1756 377 disciplinae.

75 397 216 449 Nam
245 395 450 447 habent
479 399 810 458 potestatem
842 390 1255 456 perceptibilem
1285 395 1339 441 et
1367 389 1568 440 mentis
1595 394 1650 439 et
1674 401 1758 438 ar-

76 473 225 529 tium,
261 470 358 522 sed
395 476 578 521 actum
615 467 880 520 discendo
916 472 1082 530 atque
1118 464 1396 518 studendo
1432 464 1757 528 percipiunt.

27 546 179 598 ssed
222 546 411 596 dicunt
451 545 556 595 hoc
596 543 924 595 diffinitioni
964 541 1173 605 apponi
1215 538 1530 603 superfluo:
1570 537 1755 589 valere
1795 547 1852 588 66

71 634 310 684 namque
355 620 565 682 absque
611 618 716 669 hoc
760 616 1159 668 diffinitionem
1204 615 1415 666 volunt.
1472 612 1580 665 Sed
1628 614 1757 676 quia

71 695 346 761 nymphas
390 700 444 745 et
486 693 595 744 alia
640 691 914 755 quaedam
958 703 1164 754 genera
1207 689 1543 740 daemonum
1587 689 1756 740 intro·

73 770 296 828 ducunt,
336 769 611 831 longaeva
651 766 890 830 quidem,
931 765 1029 818 sed
1069 779 1181 815 non
1221 762 1571 822 immortalia,
1611 768 1671 814 ut
1704 768 1758 813 et

72 845 143 895 ab
176 845 262 895 his
297 842 550 894 dividant
582 842 877 899 hominem,
912 845 1296 903 apposuerunt
1330 839 1530 889 mentis
1563 843 1617 888 et
1646 836 1757 888 dis-

10 935 52 971 ιο
74 918 308 983 ciplinae
333 916 703 981 perceptibile.
739 914 968 966 Nullum
993 927 1231 976 namque
1257 913 1478 963 illorum
1504 912 1758 969 addiscit,

73 992 168 1044 sed
211 990 533 1043 naturaliter
586 990 757 1048 novit,
811 1002 952 1051 quae
1006 988 1176 1038 novit.
1280 986 1756 1036 Hebraeorum
1798 996 1851 1036 67

72 1081 204 1119 vero
229 1067 480 1118 doctrina
502 1065 668 1116 habet
691 1066 879 1115 omnia
900 1064 1037 1114 haec
1059 1069 1286 1126 propter
1308 1062 1588 1113 hominem
1610 1061 1758 1112 facta

74 1142 263 1200 fuisse,
305 1141 457 1193 velut
499 1139 815 1203 subiugalia
856 1144 911 1191 et
952 1139 1125 1190 boves
1169 1151 1270 1201 pro
1312 1143 1489 1188 terrae
1528 1136 1757 1194 cultura,

72 1217 298 1268 herbam
339 1222 524 1267 autem
566 1220 792 1278 propter
833 1214 1022 1264 boves,
1075 1212 1277 1264 Eorum
1318 1225 1573 1274 namque,
1615 1225 1756 1274 quae
1796 1219 1853 1260 68

13 1308 52 1343 15
75 1290 223 1342 facta
265 1297 406 1349 sunt,
448 1291 584 1341 haec
627 1289 850 1353 quidem
895 1295 1120 1351 propter
1163 1301 1221 1338 se
1263 1288 1387 1351 ipsa
1424 1286 1573 1338 facta
1614 1292 1757 1344 sunt,

73 1365 209 1417 haec
236 1379 369 1416 vero
402 1370 627 1428 propter
657 1364 790 1414 alia:
823 1370 1049 1427 propter
1080 1375 1138 1413 se
1168 1364 1292 1425 ipsa
1317 1360 1610 1413 rationalia
1641 1375 1756 1411 om-

74 1441 178 1499 nia,
208 1445 434 1503 propter
462 1439 571 1490 alia
599 1451 733 1490 vero
763 1436 1104 1489 irrationalia
1133 1443 1187 1488 et
1215 1437 1533 1487 inanimata.
1570 1434 1626 1487 Si
1656 1436 1757 1499 igi-
1796 1444 1853 1484 69

75 1521 162 1566 tur
200 1514 337 1566 haec
376 1519 601 1578 propter
641 1512 751 1564 alia
791 1511 940 1564 facta
981 1517 1122 1570 sunt,
1164 1516 1391 1575 propter
1426 1525 1567 1575 quae
1607 1510 1757 1562 facta

78 1590 200 1647 sint,
231 1588 552 1648 videndum.
598 1587 882 1651 Numquid
916 1601 1043 1638 nam
1079 1591 1304 1650 propter
1338 1585 1609 1650 angelos?
1652 1583 1760 1636 Sed

0 1679 56 1715 ,ιο
80 1662 264 1714 nullus
303 1663 526 1727 sapiens
566 1662 711 1714 dicet
750 1668 975 1726 propter
1013 1660 1246 1725 angelos
1285 1674 1351 1712 ea
1388 1659 1538 1712 facta
1571 1659 1762 1711 fuisse.

82 1738 236 1794 Quae
273 1738 419 1789 enim
459 1743 685 1801 propter
722 1737 833 1788 alia
870 1736 1019 1788 facta
1058 1741 1200 1794 sunt,
1238 1735 1310 1787 ad
1346 1735 1763 1787 consistentiam

83 1814 328 1875 ipsorum
362 1819 416 1864 et
451 1812 886 1876 permanentiam
921 1817 975 1863 et
1009 1811 1252 1874 requiem
1288 1809 1438 1862 facta
1470 1815 1613 1861 sunt.
1653 1809 1764 1861 Aut

50 1887 228 1938 enim
284 1886 432 1938 facta
488 1892 616 1938 sunt
673 1900 841 1938 causa
881 1885 1181 1937 habitaculi
1223 1884 1372 1936 illius
1413 1886 1632 1949 generis
1669 1890 1766 1935 aut

84 1962 401 2013 nutrimenti
440 1961 528 2012 vel
569 1962 895 2025 operimenti
934 1960 1023 2012 vel
1064 1961 1365 2012 curationis
1406 1960 1523 2011 sive
1563 1958 1767 2011 deduc-

12 2051 57 2086 25
80 2036 246 2087 tionis
278 2035 367 2086 vel
403 2037 826 2099 repausationis.
870 2034 1119 2099 Angelus
1154 2040 1340 2087 autem
1375 2033 1530 2086 nullo
1564 2034 1761 2086 horum

80 2109 305 2173 indiget.
347 2109 489 2160 Nam
528 2122 705 2172 neque
746 2109 1152 2172 receptaculum
1192 2108 1360 2160 habet
1397 2109 1630 2172 generis,
1668 2121 1771 2158 nec

159 2292 176 2331 1
214 2292 511 2333 rationalibus
542 2291 576 2332 A
650 2290 675 2331 2
709 2294 755 2331 et
786 2290 812 2331 4
846 2291 1044 2333 dicendo
1079 2291 1117 2333 C
1176 2291 1292 2333 3—4
1325 2291 1550 2332 habemus
1673 2300 1772 2339 per-

82 2352 276 2401 cipimus
307 2351 342 2392 A
415 2345 484 2392 et¹
515 2362 604 2391 om.
637 2350 722 2391 AB
827 2351 943 2391 5-6
976 2352 1130 2393 valere
1157 2371 1210 2379 -
1236 2351 1397 2394 volunt
1427 2350 1475 2391 M
1506 2361 1612 2391 nam
1646 2348 1772 2390 sufii-

82 2420 185 2451 cere
218 2409 541 2452 diffinitionem
575 2411 753 2460 absque
786 2411 875 2451 hoc
906 2410 944 2451 Β
1057 2411 1084 2451 8
1116 2414 1165 2452 ut
1196 2414 1242 2452 et
1272 2410 1319 2451 M
1350 2413 1400 2451 ut
1429 2410 1468 2450 Β
1577 2408 1630 2449 10
1664 2410 1772 2450 isto-

84 2480 178 2510 rum
209 2470 247 2510 Β
347 2470 396 2511 11
434 2470 560 2520 quod
594 2466 709 2520 (pro
743 2466 882 2519 quae)
915 2470 1104 2511 novit.**
1152 2471 1391 2511 ebreorum
1425 2466 1571 2519 (spat.
1597 2479 1698 2510 vac.
1721 2472 1774 2509 24

82 2529 178 2579 fere
207 2529 314 2578 titt„
346 2531 547 2571 ceterum
579 2530 636 2580 cf.
668 2540 791 2580 quae
824 2534 886 2577 15,
906 2534 956 2570 17
987 2526 1238 2579 adnotavi)
1270 2529 1309 2570 Β
1387 2528 1441 2570 13
1469 2530 1584 2580 post
1618 2528 1774 2575 fuisse,

83 2589 211 2638 quod
241 2599 330 2630 om.
361 2589 413 2639 Β,
453 2590 498 2630 d.
531 2590 560 2630 ἰ.
594 2600 634 2630 υ.
674 2587 912 2639 προεεχῶε
956 2585 1039 2637 μὲν
1072 2584 1131 2628 δι’
1161 2585 1308 2628 αὐτόν
1553 2587 1606 2627 16
1640 2588 1773 2628 ratio-

85 2646 257 2687 nabilia
289 2647 327 2689 C
409 2648 462 2690 17
495 2648 587 2689 alia
617 2658 725 2689 vero
760 2648 1086 2689 irrationabilia
1120 2647 1157 2690 C
1184 2658 1294 2689 vero
1326 2647 1418 2689 alia
1448 2647 1775 2688 irrationabilia

84 2703 194 2756 (hoc
225 2704 348 2757 ord.)
378 2707 417 2749 Β
447 2707 538 2749 alia
569 2708 845 2749 irrationalia
877 2708 1034 2749 omnia
1063 2707 1098 2748 A
1163 2709 1298 2758 igitur
1328 2708 1444 2749 haec
1467 2707 1508 2748 P
1529 2708 1713 2757 transp.
1740 2705 1778 2747 C

84 2776 194 2816 ergo
227 2766 343 2807 haec
372 2765 456 2809 AB
516 2765 573 2807 20
605 2765 752 2808 dic=
771 2767 880 2809 dicit
903 2766 939 2808 A
1002 2763 1161 2816 fuisse]
1196 2777 1301 2808 esse
1323 2765 1358 2808 Α
1423 2765 1479 2807 22
1512 2767 1715 2815 ipsorum
1738 2766 1778 2808 Ρ

84 2835 241 2866 eorum
274 2825 330 2873 D,
362 2826 522 2868 malim
554 2826 732 2868 illorum
765 2821 997 2876 (ἐκείνων)
1069 2825 1125 2867 23
1157 2837 1299 2868 causa
1329 2825 1376 2869 M
1408 2825 1464 2867 οῦ
1495 2825 1534 2867 Β
1596 2825 1651 2866 24
1683 2822 1773 2875 vel]

85 2888 163 2925 aut
190 2884 226 2926 A
336 2884 392 2926 25
423 2884 550 2927 nullo
582 2897 668 2938 eqo
701 2897 804 2928 cum
835 2886 905 2938 139
937 2886 1088 2927 nullus
1120 2885 1200 2966 PA
1235 2885 1403 2926 nullius
1438 2884 1540 2934 CB,
1581 2885 1637 2936 cf.
1672 2895 1774 2925 cum

82 2945 324 2994 proximos
355 2955 472 2986 vers.
505 2946 736 2994 tum.18,5

175 3019 345 3056 Nemes.
373 3020 428 3056 ab
452 3020 608 3057 Aliano
633 3022 779 3057 transl.
806 3022 872 3057 ed.
899 3021 1119 3057 Burkhard
1481 3018 1506 3058 2
