1982 3172
88 738 176 783 '68

120 1041 176 1080 69

205 83 277 134 40
575 77 831 123 NEMEsn
865 52 1180 124 PREMNON
1213 77 1537 125 PHYSICON

207 221 407 273 essent,
443 229 727 277 nunquam
766 221 973 265 starent
1012 215 1156 265 levia
1193 221 1246 265 et
1283 217 1491 278 gravia.
1541 216 1651 267 Sed
1682 218 1888 270 instant

208 290 493 351 proprium
535 290 876 340 assumentia
918 289 1116 339 locum.
1172 289 1295 340 Non
1338 291 1505 353 igitur
1547 292 1791 354 gravitas
1833 297 1888 343 et

209 363 404 414 levitas
447 361 646 414 causae
691 370 818 414 sunt
860 364 1020 425 primi
1063 370 1262 421 motus,
1307 364 1404 414 sed
1449 365 1740 427 qualitates
1781 366 1887 417 ele-

207 444 533 488 mentorum.
599 437 654 487 Si
711 444 895 488 autem
951 443 1004 488 et
1059 438 1163 488 hoc
1219 438 1564 497 concedatur,
1607 440 1886 502 quomodo

208 517 398 574 posset
433 526 554 562 esse
591 513 903 562 ratiocinari
940 518 1006 563 et-
1028 511 1256 562 laudare
1293 518 1346 563 et
1382 513 1688 564 discernere
1718 528 1888 576 opera
1935 519 1958 554 5

209 586 448 637 levitatis
478 592 531 636 et
561 587 889 649 gravitatis?
932 586 1088 637 Certe
1119 588 1163 636 si
1197 587 1542 645 concedatur,
1573 602 1673 638 nec
1694 589 1888 638 harum

211 660 647 711 discernerentur
679 674 849 723 opera
884 674 985 711 nec
1017 661 1412 711 elementorum
1448 675 1548 712 nec
1583 671 1888 724 corporum.

207 734 478 797 Amplius,
509 736 553 784 si
587 735 888 785 secundum
920 735 1174 785 accidens
1203 741 1457 786 movetur
1486 737 1670 786 anima
1699 742 1752 787 et
1775 750 1890 787 cor-

210 824 314 871 pus
351 823 447 872 per
485 823 557 866 se,
594 811 759 860 etiam
796 823 896 860 nec
932 811 1199 860 existente
1236 812 1434 868 anima,
1466 824 1562 872 per
1599 825 1657 861 se
1690 825 1889 873 corpus

208 889 476 934 movetur.
510 883 565 934 Si
589 890 772 934 autem
796 884 901 934 hoc
921 890 1018 942 est,
1042 890 1095 934 et
1117 884 1320 934 animal
1339 886 1440 935 erit
1461 885 1671 947 absque
1691 886 1889 935 anima.
1918 890 1960 925 ¹0

209 957 654 1024 Inconvenientia
680 964 864 1009 autem
893 959 1050 1015 haec;
1080 959 1471 1009 inconveniens
1499 973 1632 1022 ergo
1659 965 1713 1010 et
1740 965 1890 1010 ante-

209 1032 424 1082 cedens,
467 1031 575 1083 Sed
609 1047 709 1083 nec
740 1047 931 1083 verum
965 1039 1048 1083 est
1083 1033 1261 1083 dicere
1295 1047 1472 1090 omne,
1501 1033 1649 1095 quod
1683 1039 1766 1084 est
1793 1047 1888 1083 na-

143 1167 151 1175 ·
210 1113 331 1157 tura
368 1106 586 1164 mobile,
625 1108 789 1158 etiam
829 1121 861 1156 a
896 1107 1160 1157 violentia
1198 1108 1545 1158 moveri.nec
1575 1121 1737 1158 omne
1773 1108 1890 1158 vio-

124 1931 178 1970 70

122 2080 171 2120 71

208 1181 375 1231 lentia
401 1181 604 1231 mobile
631 1187 685 1231 et
712 1196 744 1230 a
770 1187 966 1231 natura
994 1183 1218 1232 moveri.
1258 1181 1500 1232 Mundus
1521 1182 1667 1232 enim
1693 1187 1890 1231 natura

209 1255 429 1306 mobilis
471 1255 737 1306 violentia
780 1270 890 1306 non
935 1262 1202 1306 movetur.
1248 1256 1438 1318 Neque
1484 1256 1695 1314 iterum,
1741 1255 1889 1318 quod
1917 1261 1960 1297 15

208 1335 292 1380 est
324 1329 626 1380 secundum
659 1336 911 1381 naturam
946 1330 1163 1388 mobile,
1196 1330 1300 1380 hoc
1330 1330 1476 1380 idem
1510 1336 1562 1380 et
1589 1330 1889 1380 secundum

209 1410 462 1455 naturam
501 1405 758 1466 quiescet.
808 1404 1051 1455 Mundus
1089 1405 1290 1455 etenim
1329 1410 1381 1455 et
1421 1404 1504 1455 sol
1542 1410 1594 1455 et
1625 1403 1770 1462 luna,
1809 1418 1891 1455 se-

210 1478 450 1528 cundum
472 1484 725 1529 naturam
751 1478 991 1536 mobilia,
1018 1479 1319 1529 secundum
1343 1485 1596 1530 naturam
1613 1480 1891 1541 quiescere

208 1566 319 1604 non
360 1559 609 1615 possunt.
663 1552 870 1603 Eodem
912 1553 1080 1603 modo
1122 1559 1175 1603 et
1216 1553 1414 1610 anima,
1457 1552 1759 1603 secundum
1795 1566 1890 1602 na-

207 1633 386 1677 turam
411 1627 648 1685 mobiliS‚
677 1627 979 1678 secundum
1006 1633 1258 1678 naturam
1286 1627 1564 1689 quiescere
1589 1640 1701 1677 non
1725 1625 1888 1677 valet.
1913 1632 1969 1694 ²⁰,

208 1701 376 1756 Quies
412 1702 556 1752 enim
594 1702 872 1764 corruptio
909 1707 993 1752 est
1027 1702 1243 1751 animae
1279 1702 1635 1763 omniumque
1672 1714 1888 1762 semper
1922 1699 1925 1702 ’
1961 1706 1972 1726 ⁴

206 1775 508 1826 mobilium.
554 1776 641 1825 Ad
679 1776 814 1827 haec
850 1781 903 1826 et
940 1777 1249 1838 quaesitum
1288 1776 1342 1824 in
1380 1776 1648 1837 principio
1680 1774 1887 1825 insolu-

211 1856 326 1900 tum
349 1850 666 1908 remanebit,
690 1850 796 1900 hoc
818 1856 901 1900 est
923 1850 1070 1901 unde
1095 1864 1295 1912 corpus
1320 1850 1677 1906 contineatur,
1694 1853 1892 1899 natura

210 1924 442 1975 dissolvi
476 1930 682 1975 natum.
728 1924 1024 1975 Sufficiant
1058 1930 1242 1975 autem
1276 1924 1411 1974 haec
1446 1937 1623 1985 pauca
1657 1923 1724 1974 de
1751 1922 1890 1973 mul·

208 1999 277 2049 tis
310 1998 689 2049 demonstrare
721 1999 961 2049 animam
994 2012 1094 2048 nec
1124 1998 1532 2061 explementum
1565 1998 1887 2055 existentem
1913 2001 1958 2036 25

207 2086 307 2123 nec
340 2073 677 2123 immobilem
713 2087 813 2123 nec
848 2074 902 2122 in
938 2087 1166 2135 corpore
1201 2078 1532 2123 nascentem.
1635 2071 1888 2135 Pytha-

206 2160 416 2209 goras
451 2152 635 2198 autem
673 2147 920 2198 consulte
957 2147 1263 2197 assimilare
1300 2160 1516 2208 semper
1550 2151 1604 2196 et
1639 2145 1803 2195 deum
1833 2150 1886 2196 et

281 2252 305 2291 2
345 2249 469 2301 Non]
503 2251 602 2293 Nisi
634 2252 667 2293 A
853 2251 878 2292 3
918 2252 1082 2292 levitas
1115 2254 1160 2292 et
1191 2262 1314 2301 grav.
1347 2253 1452 2291 sunt
1485 2261 1548 2299 pr.
1582 2251 1689 2289 mot.
1721 2259 1890 2290 causae

206 2308 315 2359 (hoc
345 2308 468 2360 ord.)
500 2311 534 2351 A
683 2311 710 2351 4
742 2312 1001 2352 concedant
1030 2311 1064 2351 A
1102 2352 1105 2354 ,
1204 2311 1229 2350 5
1263 2312 1458 2360 possunt
1486 2309 1555 2358 39
1584 2308 1639 2348 El
1669 2307 1756 2356 Ho,
1789 2319 1890 2348 ma-

205 2372 286 2411 lim
313 2373 504 2420 possent
581 2374 626 2411 et
651 2370 908 2411 discernere
932 2371 1017 2411 ΡΒ
1048 2371 1401 2419 discernereque
1424 2368 1458 2408 A
1581 2366 1695 2407 6—7
1728 2367 1902 2407 horum·

207 2430 465 2471 discernere
496 2430 530 2470 A
714 2430 741 2469 9
774 2426 876 2478 nec]
911 2440 1005 2469 non
1038 2429 1070 2469 A
1167 2439 1247 2478 per
1278 2439 1328 2469 se
1357 2429 1471 2478 post
1501 2437 1620 2467 mov,
1649 2437 1760 2476 pon.
1792 2425 1827 2466 A
1896 2463 1899 2464 γ

208 2488 261 2528 10
294 2491 445 2529 autem
480 2489 568 2530 hoc
602 2491 786 2540 transp.
818 2488 852 2528 A
947 2486 1132 2537 animal]
1167 2487 1291 2528 aliud
1319 2486 1355 2527 A
1540 2485 1588 2525 11
1629 2486 1744 2535 post
1773 2485 1888 2526 haec

206 2549 316 2588 add.
350 2551 419 2589 est
441 2549 479 2589 Β
556 2559 665 2598 ergo
690 2549 729 2589 Ρ
757 2558 865 2588 vero
890 2547 923 2588 A
959 2560 1047 2588 om.
1072 2548 1109 2588 Β
1232 2546 1285 2586 12
1317 2538 1409 2587 est¹
1431 2556 1520 2585 om.
1545 2543 1579 2585 A
1698 2543 1752 2584 13
1769 2546 1817 2584 et
1833 2543 1887 2584 14

206 2607 360 2646 mobil‘
386 2607 420 2647 A
546 2607 599 2647 15
630 2607 738 2647 viol.
764 2617 858 2647 non
884 2609 1066 2658 transp.
1083 2607 1118 2646 A
1196 2601 1377 2654 Neque]
1403 2614 1490 2644 nec
1513 2604 1550 2644 Β
1673 2602 1725 2643 17
1758 2603 1886 2652 quie-

205 2666 289 2706 scit
319 2666 356 2706 Β
439 2668 485 2707 et
516 2662 648 2715 (ante
679 2663 769 2716 sol)
801 2677 890 2706 om.
923 2667 960 2707 Β
1112 2665 1166 2705 19
1198 2667 1244 2706 et
1273 2675 1362 2705 om.
1394 2662 1428 2702 A
1493 2695 1495 2697 .
1566 2661 1621 2702 20
1653 2662 1775 2703 valet
1803 2661 1884 2702 PA

205 2727 357 2772 potest
386 2725 423 2765 Β
574 2725 629 2765 22
662 2726 762 2775 1100Ι
781 2725 865 2766 ΑΒ
937 2725 1194 2775 quaesitum
1224 2723 1307 2764 ΡΒ
1341 2732 1461 2772 quae
1493 2722 1584 2762 sint
1613 2721 1647 2762 A
1711 2721 1885 2761 insoni-

205 2787 297 2822 tum
323 2783 359 2823 Β
391 2784 568 2824 solvere
600 2794 694 2824 non
719 2784 752 2824 A
878 2783 932 2824 23
965 2781 1106 2832 unde]
1140 2785 1245 2828 ante
1269 2782 1306 2822 Β
1411 2780 1584 2820 23-24
1617 2782 1736 2821 cont.
1761 2789 1884 2828 corp.

205 2845 364 2882 natura
395 2846 549 2882 natum
584 2843 693 2883 diss.
726 2840 847 2892 (hoc,
881 2840 1003 2893 ord.)
1034 2842 1068 2884 A
1273 2840 1327 2887 25
1361 2840 1719 2886 demonstrantia
1747 2838 1782 2881 A

207 2900 260 2948 27
293 2901 539 2951 assimilem
571 2896 605 2942 A
