1982 3172
137 419 193 459 58

95 716 192 755 ·59

137 863 193 903 60

138 1456 190 1496 61

137 1529 194 1569 62

137 1602 194 1643 63

138 1753 193 1792 64

229 125 292 172 16
590 115 845 162 NEMsssn
878 114 1194 161 PREMNON
1227 114 1551 162 PHYSICON

223 260 279 304 et
338 255 627 315 passiones
674 254 869 304 merito
931 252 1246 315 frequenter
1293 253 1560 305 collidunt
1615 255 1900 305 rationem.

225 327 463 383 Quando
494 328 659 391 igitur
689 340 993 389 exsurgens
1023 326 1302 388 reliquerit
1330 327 1466 378 haec
1491 333 1548 378 et
1574 327 1646 377 ad
1669 328 1901 379 virtutes

224 402 522 459 incesserit,
549 401 786 451 donatur
811 402 974 451 venia
998 401 1176 451 iustae
1202 401 1626 452 misericordiae.
1662 401 1728 452 Et
1750 402 1902 452 velut

226 477 511 539 proprium
540 481 625 525 est
656 475 866 525 homini
898 474 1119 532 risibile,
1152 475 1281 537 quia
1312 481 1366 525 et
1398 474 1502 525 soli
1526 475 1655 526 huic
1684 476 1826 527 inest
1852 482 1906 527 et

225 551 388 607 omni,
424 551 501 600 sic
535 549 837 599 secundum
871 550 1106 611 gratiam
1143 549 1230 599 dei
1264 550 1548 612 proprium
1582 556 1666 600 est
1691 549 1900 600 homini
1951 559 1975 594 ⁵

225 637 389 691 super
417 638 635 674 omnem
664 624 988 674 rationalem
1017 630 1322 673 creaturam
1349 623 1566 674 absolvi
1594 637 1691 686 per
1715 625 1902 687 paeni-

225 698 451 749 tentiam
498 712 532 747 a
578 698 811 747 vinculis
859 703 1225 759 peccatorum.
1283 697 1494 748 Etenim
1543 697 1646 748 soli
1692 697 1900 748 homini

224 771 629 830 hocdonatum
665 779 747 822 est
780 779 833 822 et
866 772 1015 822 omni
1050 778 1103 822 et
1137 785 1353 834 semper
1381 773 1435 821 in
1469 777 1718 834 tempore
1745 786 1902 822 mun-

226 846 403 896 danae
447 847 608 904 vitae,
654 852 780 907 post
823 852 1056 896 mortem
1099 859 1230 896 vero
1275 860 1641 908 nequaquam.
1743 845 1903 896 Simi-

225 919 346 971 liter
370 926 555 970 autem
582 920 807 981 quidam
832 919 1063 982 angelos
1089 934 1309 982 quoque
1333 919 1529 971 volunt
1551 934 1902 983 nequaquam
1935 928 1978 963 ¹⁰

227 1000 354 1055 post
386 995 601 1044 ruinam
637 995 916 1057 percipere
949 995 1167 1044 veniam
1203 1008 1299 1057 per
1334 995 1742 1056 paenitentiam,
1775 995 1903 1057 quia

227 1082 375 1118 mors
418 1069 650 1118 istorum
694 1075 777 1118 est
820 1069 992 1126 ruina,
1036 1068 1134 1119 sed
1177 1075 1303 1119 ante
1346 1069 1559 1118 ruinam
1597 1069 1670 1118 ad
1713 1068 1903 1119 simili-

226 1141 472 1192 tudinem
503 1144 649 1193 vitae
679 1143 963 1192 hominum
994 1142 1195 1205 dignos
1226 1142 1400 1193 fuisse
1428 1143 1606 1193 venia.
1646 1141 1755 1193 Sed
1780 1156 1904 1205 pec-

226 1223 411 1266 cantes
454 1216 680 1279 dignam
723 1223 1045 1279 receperunt
1084 1217 1362 1267 vindictae
1402 1216 1667 1267 iustitiam
1710 1229 1903 1279 perpe-

226 1297 376 1340 tuam
411 1291 633 1353 quidem
662 1297 715 1341 et
749 1291 865 1341 sine
898 1292 1074 1341 venia.
1120 1290 1478 1341 Manifestum
1511 1291 1678 1354 igitur
1704 1305 1773 1341 ex
1803 1291 1904 1348 his,
1935 1299 1978 1334 15

228 1365 391 1427 quod,
427 1366 756 1427 quicumque
790 1366 1182 1426 paenitentiam
1216 1379 1327 1415 non
1361 1366 1683 1427 acceperint,
1719 1366 1904 1428 singu-

227 1438 326 1488 lari
373 1439 521 1489 dono
568 1440 903 1502 proprioque
948 1439 1187 1489 hominis
1233 1439 1662 1501 proscribuntur.
1774 1439 1903 1489 Pro-

227 1513 406 1574 prium
447 1526 666 1575 quoque
704 1519 788 1563 est
827 1514 933 1575 ipsi
971 1513 1169 1563 artium
1211 1512 1904 1575 disciplinarumque'doc-

227 1587 397 1637 trinas
421 1586 708 1637 addiscere
728 1588 1038 1649 artiumque
1062 1600 1233 1649 opera
1255 1600 1522 1637 exercere.
1547 1586 1787 1649 Ideoque
1810 1587 1906 1638 ho-

227 1661 428 1710 minem
452 1660 740 1711 diffiniunt
762 1674 884 1711 esse
906 1660 1110 1710 animal
1133 1660 1416 1718 rationale,
1439 1660 1686 1719 mortale,
1709 1661 1908 1711 mentis
1933 1669 1978 1704 2⁰

227 1740 280 1786 et
312 1734 636 1798 disciplinae
664 1735 1042 1798 perceptibile:
1073 1735 1278 1785 animal
1310 1735 1547 1797 quidem,
1580 1736 1709 1797 quia
1738 1734 1905 1786 homo

226 1814 310 1860 est
326 1809 635 1860 substantia
648 1810 906 1867 animata,
938 1809 1213 1860 sensibilis
1231 1807 1388 1872 (haec
1412 1815 1495 1860 est
1524 1823 1763 1872 namque
1793 1810 1908 1859 ani-

228 1882 388 1934 malis
425 1881 733 1946 diffinitio),
770 1883 1038 1934 rationale
1074 1898 1221 1941 vero,
1257 1890 1318 1934 ut
1355 1878 1639 1946 separetur
1673 1883 1743 1934 ab
1774 1884 1904 1934 irra-
1933 1926 1939 1933 .

227 1957 598 2013 tionabilibus,
628 1963 680 2008 et
710 1957 956 2015 mortale,
986 1964 1045 2008 ut
1076 1957 1356 2008 dividatur
1403 1960 1473 2010 ab
1515 1959 1910 2011 immortalibus

303 2091 322 2131 1
359 2091 502 2141 frequ.
535 2093 686 2132 collid.
719 2094 902 2143 transp.
936 2092 975 2133 C
1116 2093 1142 2132 2
1175 2103 1417 2142 resurgens
1447 2092 1482 2132 A
1547 2093 1664 2132 haec
1695 2102 1784 2131 om.
1815 2090 1854 2131 B

228 2150 254 2190 3
279 2152 397 2200 post
428 2150 622 2190 donatur
653 2152 764 2191 add.
797 2152 839 2191 ei
871 2151 910 2190 Β
976 2154 1091 2203 post
1121 2153 1268 2192 iustae
1301 2152 1412 2202 add.
1446 2150 1480 2202 ᾇ
1514 2150 1552 2192 C
1610 2149 1664 2190 Et
1688 2169 1749 2201 7‘.
1767 2147 1796 2200 4
1827 2150 1911 2189 Ιιο-

228 2203 355 2258 mini]
388 2213 434 2250 et
464 2210 581 2249 sicut
612 2214 681 2250 est
713 2212 942 2259 proprium
976 2212 1176 2252 hominis
1206 2211 1241 2251 A
1357 2211 1383 2250 5
1417 2213 1465 2251 et
1493 2209 1521 2250 8
1554 2209 1738 2250 *ommi
1770 2202 1838 2248 Ρ*

227 2291 401 2331 homini
433 2285 499 2330 Ρι
590 2291 617 2330 6
649 2292 964 2332 rationabilem
997 2292 1030 2332 A
1125 2293 1152 2332 8
1184 2293 1403 2332 donatum
1435 2291 1483 2332 Μ
1514 2291 1668 2331 datum
1699 2289 1738 2329 B
1797 2293 1908 2330 tem-

228 2360 339 2398 pore
371 2348 412 2391 Ο
453 2354 633 2399 tempus
663 2350 737 2391 Ho
770 2362 871 2391 cum
903 2353 930 2401 p
1082 2352 1109 2392 9
1137 2354 1252 2402 post
1281 2361 1573 2400 nequaquam
1606 2349 1756 2390 exhib.
1790 2351 1910 2389 tam-

226 2420 367 2459 quam
400 2410 749 2460 inscriptionem
793 2409 864 2450 De
895 2411 1073 2461 angelis
1105 2414 1150 2451 et
1181 2411 1445 2451 hominibus
1475 2407 1561 2449 PC
1580 2408 1626 2432 *⁸¹
1638 2411 1690 2448 28
1712 2408 1808 2458 fere
1832 2408 1910 2448 ut-

229 2471 433 2508 terarum
466 2468 499 2508 A
535 2480 623 2509 om.
656 2471 704 2510 et
734 2471 996 2511 orationem
1029 2472 1281 2511 continuat
1309 2469 1347 2509 Β
1513 2467 1566 2507 10
1599 2477 1795 2517 quoque.
1818 2466 1910 2507 vol.

228 2529 408 2577 transp.
441 2527 527 2568 AC
555 2539 742 2577 quoque
773 2541 862 2569 om.
894 2529 933 2568 Β
1033 2529 1081 2570 11
1120 2530 1290 2579 percip.
1319 2539 1424 2569 ven.
1454 2529 1567 2578 post
1597 2527 1768 2576 paenit.
1797 2536 1909 2575 pon.

226 2585 354 2626 PCB
418 2586 471 2626 14
502 2587 748 2627 vindictam
782 2589 980 2629 iustitiae
1011 2589 1050 2629 Β
1113 2588 1166 2628 15
1197 2587 1489 2628 Manifestum
1521 2586 1658 2636 igitur
1688 2595 1746 2625 ex
1778 2585 1850 2624 his
1872 2585 1913 2624 Ρ

227 2643 517 2686 Manifestum
550 2649 620 2686 est
650 2647 784 2696 igitur
814 2648 854 2687 D
986 2647 1041 2687 16
1072 2649 1348 2696 acceperunt
1376 2645 1415 2685 Β
1545 2644 1597 2684 17
1632 2645 1910 2694 proprioque

227 2714 316 2743 om.
348 2704 386 2743 Β
442 2708 556 2754 post
588 2707 804 2754 proscrib.
837 2708 967 2747 deest
991 2708 1020 2747 i.
1047 2718 1087 2747 υ.
1119 2701 1239 2745 ἴδιον
1270 2701 1322 2743 δὲ
1348 2724 1401 2731 -
1426 2699 1744 2742 πολυπάθειαν
1804 2713 1908 2752 pro-

228 2763 467 2811 priumque
498 2765 585 2812 ipsi
619 2768 687 2804 est
720 2766 799 2804 arti
832 2768 881 2805 ut
911 2765 1023 2806 disc.
1055 2766 1090 2805 A
1194 2764 1248 2804 18
1279 2764 1531 2804 doctrinam
1563 2763 1604 2803 D
1699 2761 1755 2802 19
1785 2762 1908 2802 hom.

228 2820 324 2860 diff.
357 2823 539 2872 transp.
572 2823 612 2862 D
794 2823 850 2863 20
882 2835 987 2865 esse
1017 2825 1155 2865 anim.
1189 2826 1371 2874 transp.
1406 2821 1487 2863 CB
1563 2821 1736 2862 mortal’
1767 2818 1854 2861 AC

229 2879 280 2919 21
316 2880 498 2920 animal·
531 2881 564 2920 A
629 2881 684 2921 23
718 2884 922 2923 rational·
953 2882 988 2923 A
1046 2882 1380 2924 irrationalibus
1410 2881 1495 2921 AB
1556 2880 1612 2920 24
1643 2883 1691 2922 et
1721 2879 1910 2920 mortale

227 2939 266 2979 P
288 2942 331 2978 et
357 2940 528 2979 mortal'
557 2939 594 2980 C
625 2941 942 2981 mortale·vero
968 2942 1001 2981 A
1038 2942 1225 2981 mortale
1249 2940 1286 2980 Β
1347 2936 1588 2988 dividatur]
1613 2941 1849 2987 separetur
1871 2937 1906 2977 A
