1982 3172
357 109 442 155 DE
475 104 1073 153 DELECTATIONIBUS
1108 103 1245 149 CAP.
1271 101 1423 148 XVIII
1650 107 1739 156 101

62 253 245 300 autem
276 260 402 298 non.
448 244 721 308 Amplius,
757 244 1027 294 bonorum
1064 241 1200 292 haec
1235 239 1457 303 quidem
1494 242 1622 288 sunt
1652 237 1748 287 ha·
1787 247 1841 287 20

64 323 225 380 bitus,
255 321 392 371 haec
422 334 556 370 vero
590 325 760 377 actus,
796 317 890 368 illa
923 330 1055 367 vero
1091 316 1469 367 instrumenta.
1513 312 1749 363 Habitus

65 396 286 460 quidem
332 400 391 446 ut
435 395 627 452 virtuS‚
672 398 828 444 actus
872 405 1006 443 vero
1052 396 1113 441 ut
1158 389 1461 440 secundum
1517 387 1750 438 virtutes

65 471 329 534 operatio.
381 469 445 520 Et
487 470 683 520 iterum
724 467 945 518 habitus
988 471 1047 516 ut
1087 466 1263 516 virtus
1304 462 1556 521 visibilis,
1594 466 1751 512 actus

21 562 44 599 ⁵
66 551 124 596 ut
150 545 365 602 videre;
400 545 763 595 instrumenta
794 555 926 593 vero
963 546 1104 598 sunt,
1140 553 1236 602 per
1270 552 1410 602 quae
1442 549 1751 600 operamur,

66 625 124 670 ut
160 619 355 670 oculus
392 624 446 669 et
486 618 712 669 divitiae
750 622 804 667 et
841 615 950 666 alia
987 614 1134 666 talia.
1179 613 1387 664 Omnes
1426 625 1575 669 ver0,
1611 623 1751 673 quae
1790 621 1839 660 21

67 700 193 745 sunt
231 694 372 744 circa
411 693 558 744 bona
594 698 648 743 et
687 691 833 742 mala
872 689 1140 741 animales
1178 690 1426 746 virtuteS‚
1462 687 1752 737 habituum

66 768 378 832 aliquorum
421 773 548 818 sunt
589 767 837 817 virtutes.
891 765 947 816 Si
993 766 1158 828 igitur
1201 763 1408 814 bonum
1452 767 1535 812 est
1577 761 1755 812 delec-

69 844 203 894 tatio
232 849 285 893 et
318 856 427 893 non
460 841 683 899 malum,
717 842 771 890 in
804 840 889 890 his
922 840 1024 890 erit
1054 839 1204 890 solis,
1244 837 1354 888 Sed
1387 837 1610 887 habitus
1639 835 1753 899 qui·
1793 844 1847 885 22

8 933 46 969 10
70 918 194 969 dem
228 931 339 968 non
377 922 460 967 est
497 915 805 972 delectatio,
844 928 943 965 nec
979 915 1170 964 virtus.
1219 912 1344 963 Non
1380 912 1525 962 enim
1560 911 1638 961 sic
1675 910 1757 960 fa-

68 992 169 1043 cile
210 991 473 1042 incideret
516 990 570 1040 in
613 990 942 1040 contrariam
988 988 1090 1039 sibi
1134 987 1517 1044 afflictionem,
1558 999 1660 1036 nec
1699 990 1758 1035 ut

69 1065 330 1129 opposita
358 1065 669 1128 privationi.
714 1063 1028 1115 Secundum
1061 1063 1205 1113 enim
1239 1061 1476 1112 eundem
1509 1060 1759 1111 habitum

70 1146 123 1192 et
159 1140 526 1204 privationem
564 1138 910 1202 impossibile
945 1143 1030 1189 est
1065 1151 1205 1188 esse.
1255 1136 1364 1187 Sed
1405 1135 1630 1198 quidam
1667 1134 1761 1185 de-

72 1220 335 1272 lectantur
385 1215 547 1267 simul
593 1220 648 1266 et
691 1214 1026 1277 affliguntur
1070 1218 1130 1263 ut
1174 1210 1576 1262 misericordes.
1634 1209 1759 1260 Non
1797 1218 1852 1259 23

0 1303 52 1340 ns
73 1293 240 1356 igitur
281 1291 503 1342 habitus
548 1289 865 1345 delectatio;
909 1288 1006 1339 sed
1051 1301 1153 1338 nec
1195 1287 1619 1337 instrumentum
1664 1289 1761 1335 est.

75 1366 442 1418 Instrumenta
472 1365 616 1416 enim
653 1369 878 1427 propter
911 1362 1021 1414 alia
1057 1367 1184 1413 sunt
1216 1366 1271 1412 et
1303 1375 1415 1411 non
1448 1365 1674 1423 propter
1705 1372 1763 1410 se

76 1442 213 1505 ipsa.
266 1439 375 1492 Sed
422 1439 714 1491 delectatio
757 1452 868 1489 non
914 1443 1139 1500 propter
1182 1435 1352 1494 aliud,
1397 1435 1495 1486 sed
1539 1440 1764 1498 propter

78 1529 136 1567 se
169 1515 348 1579 ipsam
386 1519 484 1566 est.
532 1513 702 1578 Igitur
737 1526 839 1563 nec
874 1513 1299 1563 instrumentum
1334 1515 1419 1561 est
1455 1509 1764 1561 delectatio.

79 1590 266 1642 Restat
288 1602 422 1653 ergo
451 1594 633 1640 actum
662 1602 783 1639 eam
814 1601 952 1638 esse.
992 1586 1152 1638 Unde
1179 1584 1618 1636 Aristoteles
1643 1598 1765 1635 eam
1803 1591 1859 1632 24

0 1676 56 1713 ‚m
80 1663 289 1715 diffinit
323 1677 448 1715 esse
485 1669 668 1715 actum
706 1661 1027 1726 expeditum
1066 1661 1289 1712 habitus
1329 1659 1634 1711 secundum
1672 1673 1767 1709 na-

79 1745 274 1790 turam.
329 1738 789 1802 Impedimentum
834 1749 1073 1799 namque
1119 1740 1275 1786 actus
1323 1733 1626 1785 secundum
1672 1747 1767 1783 na-

81 1819 259 1864 turam
286 1812 537 1864 afflictiO.
581 1811 689 1863 Sed
721 1817 774 1863 et
805 1811 1146 1875 prosperitas
1178 1816 1333 1861 actus
1362 1815 1447 1860 est
1474 1808 1769 1872 expeditus

82 1887 302 1938 habitus
324 1887 627 1937 secundum
653 1892 923 1938 naturam.
961 1885 1243 1949 Contingit
1270 1885 1437 1948 igitur
1465 1883 1770 1935 secundum

82 1962 223 2012 hanc
266 1961 661 2011 diffinitionem
709 1961 1132 2024 prosperitatem
1178 1959 1601 2010 delectationem
1647 1972 1771 2009 esse

24 2048 61 2085 25
83 2042 136 2087 et
167 2050 348 2087 errare
385 2035 795 2087 diffinitionem.
842 2034 1135 2098 Corrigens
1172 2035 1339 2097 igitur
1375 2033 1644 2084 diffinivit
1679 2032 1772 2083 de-

86 2110 434 2162 lectationem
457 2123 579 2160 esse
607 2109 776 2159 finem
804 2123 1033 2172 operum
1063 2109 1317 2159 animalis
1347 2108 1652 2159 secundum
1679 2121 1774 2157 na·

161 2292 178 2332 1
217 2292 333 2333 haec
366 2292 553 2342 quidem
588 2294 769 2342 transp.
802 2292 840 2332 Β
945 2295 1050 2333 sunt
1082 2303 1171 2333 om.
1204 2291 1238 2332 A
1408 2270 1434 2331 4
1466 2290 1558 2331 vid.
1591 2290 1698 2330 hab.
1731 2292 1780 2329 ut

84 2354 212 2392 actus
245 2354 293 2392 ut
322 2352 462 2392 virtus
493 2351 627 2392 visib.
661 2347 727 2401 (h.
760 2348 824 2401 ο.)
856 2351 893 2391 Β
989 2353 1130 2393 virtus
1161 2363 1251 2393 om.
1284 2351 1317 2392 A
1473 2350 1499 2390 5
1532 2351 1780 2398 operantur

85 2405 144 2451 Ρι
175 2422 294 2452 corr.
318 2404 380 2451 Ρ*
412 2413 464 2452 ut
495 2412 587 2452 vid.
718 2411 744 2451 6
778 2411 938 2452 oculus
969 2414 1015 2452 et
1046 2423 1135 2452 om.
1161 2411 1198 2452 Β
1324 2410 1348 2450 7
1382 2412 1487 2451 sunt
1516 2411 1630 2460 post
1661 2408 1781 2448 mala

83 2482 193 2520 pon.
218 2470 255 2511 Β
391 2470 417 2510 8
451 2467 600 2521 igitur]
636 2481 746 2520 ergo
778 2471 816 2511 Β
944 2471 971 2511 9
1003 2473 1134 2512 erunt
1164 2471 1202 2511 Β
1335 2470 1383 2510 11
1422 2462 1686 2519 incideretsl
1715 2463 1782 2516 (et

86 2526 227 2579 eras.)
259 2529 298 2570 Ρ
391 2550 395 2553 -
436 2530 489 2570 12
523 2530 786 2580 oppositam
819 2530 854 2571 A
995 2530 1048 2570 14
1081 2530 1287 2571 similiter
1317 2530 1354 2569 Β
1430 2528 1692 2578 affligantur
1722 2521 1782 2567 Ρι

87 2600 206 2630 corr.
238 2582 298 2629 1³⁸
461 2589 515 2630 15
549 2592 619 2631 est
650 2601 739 2630 om.
772 2589 809 2630 Β
974 2589 1026 2630 17
1061 2590 1163 2639 ipsa
1194 2601 1283 2630 om.
1315 2588 1350 2629 A
1517 2587 1570 2628 19
1603 2598 1712 2638 ergo
1745 2586 1785 2627 P

87 2648 222 2698 igitur
245 2647 328 2688 AB
404 2652 554 2690 actum
581 2660 683 2690 eam
710 2651 892 2701 tran-sp.
919 2649 953 2690 A
1086 2648 1260 2689 19—20
1293 2659 1395 2690 eam
1422 2647 1518 2689 diff.
1545 2649 1728 2698 transp.
1747 2646 1781 2688 A

87 2718 189 2749 eam
224 2707 437 2749 diffinivit
466 2709 503 2749 Β
654 2708 710 2748 20
742 2709 947 2749 habitum
981 2702 1039 2749 Ρι
1072 2720 1190 2750 corr.
1223 2701 1336 2749 Ρ’“8
1487 2707 1542 2747 22
1576 2703 1782 2755 afflictio]

87 2767 208 2808 actio
241 2766 278 2807 Β
338 2770 384 2809 et
415 2779 504 2810 om.
537 2769 571 2810 A
708 2768 764 2809 23
796 2769 1022 2819 contingit
1052 2768 1125 2809 Ηο
1158 2764 1260 2820 (By,
1294 2762 1546 2817 (υμβαίνει)
1581 2767 1787 2808 continet

88 2826 218 2868 ΡΑΒ
392 2826 566 2868 23-24
598 2828 853 2870 secundum
887 2828 1007 2868 hanc
1042 2829 1224 2879 transp.
1256 2828 1294 2868 B
1467 2826 1523 2866 24
1557 2826 1646 2867 del.
1680 2836 1785 2867 esse

91 2890 272 2936 transp.
298 2886 335 2927 Β
479 2886 534 2928 25
567 2888 800 2939 corrigens
828 2907 879 2914 —
908 2887 1262 2930 delectationem
1296 2899 1386 2930 om.
1412 2886 1495 2929 AB
1587 2885 1786 2928 delecta-

90 2940 238 2995 110(ηέ
269 2947 424 2997 suppl.
449 2957 486 2988 s.
513 2958 553 2988 υ.
579 2959 637 2988 m.
656 2943 701 2997 3)
735 2947 774 2988 Ρ
