1982 3172
142 455 194 496 13

85 739 196 792 '14

145 976 195 1016 15

149 1868 201 1908 16

226 96 293 145 54
591 89 848 135 NEMEsn
881 53 1210 136 PREMNON‘
1229 90 1554 136 PHYSICON

226 227 350 277 dem
392 226 471 285 fit,
515 226 612 277 sed
654 227 987 289 permutatio
1028 241 1138 278 non
1182 229 1547 291 consequitur.
1601 228 1724 280 Non
1759 230 1903 280 enim

226 301 477 352 consistit
515 300 872 364 intellegibile
914 301 1216 352 secundum
1257 303 1552 354 essentiam
1593 304 1906 366 permutari,

227 375 323 427 sed
356 381 452 427 aut
485 376 759 438 integrum
793 376 1027 426 existere
1060 382 1155 427 aut
1188 376 1259 426 ad
1292 391 1404 428 non
1430 378 1671 428 existens
1703 378 1905 429 venire.

226 450 334 501 Sed
357 463 534 512 neque
557 449 629 499 ad
653 463 764 500 non
787 451 1030 501 existens
1055 451 1435 513 corrumpitur.
1469 451 1739 503 Nam'non
1762 457 1909 504 esset

226 524 568 575 immortalis.
613 523 676 575 Et
708 525 892 574 anima
924 525 1038 575 vita
1068 526 1326 582 existens,
1361 526 1405 576 si
1438 526 1493 576 in
1518 526 1756 577 mixtura
1788 540 1908 589 per-
1954 532 1975 566 ⁵

227 604 544 656 mutaretur,
578 598 710 663 [aut]
743 598 852 649 alia
882 599 1040 650 fieret
1069 601 1123 650 et
1150 614 1261 650 non
1290 601 1399 650 iam
1423 605 1569 652 esset
1595 601 1725 652 vita.
1761 600 1907 656 Quid

227 678 412 725 autem
449 673 723 724 conferret
759 674 990 736 corpori,
1029 675 1074 724 si
1109 688 1218 724 non
1257 674 1585 726 obtinuisset
1621 675 1670 726 ei
1698 675 1909 726 vitam?

229 748 354 799 Non
379 748 546 811 igitur
565 748 758 798 amima
784 747 893 798 alia
919 748 984 798 tit
1010 749 1064 798 in
1091 749 1308 800 unione.
1340 748 1578 800 Ostenso
1605 749 1771 812 igitur
1790 749 1909 807 hoc,

229 822 378 885 quod
436 822 817 886 intellegibilia
875 823 1339 886 impermutabilia
1383 823 1684 874 secundum
1726 837 1910 875 essen-

229 897 360 948 tiam
393 897 513 955 sint,
546 898 857 948 necessario
891 898 1257 960 consequitur,
1290 898 1437 960 quod
1470 899 1592 961 ipsa
1623 899 1776 949 unita
1798 911 1908 949 non
1938 902 1980 937 1⁰

230 977 665 1034 corrumpantur,
708 972 907 1035 quibus
949 973 1225 1023 uniuntur.
1329 971 1499 1036 Igitur
1539 978 1593 1023 et
1633 973 1817 1023 unitur
1858 978 1911 1024 et

230 1045 518 1097 inconfuse
551 1046 737 1097 unitur
770 1048 985 1109 corpori
1019 1048 1217 1097 anima.
1263 1046 1424 1102 Quod
1459 1052 1642 1098 autem
1675 1047 1910 1104 uniatur,

231 1121 545 1184 compassio
581 1120 937 1172 demonstrat.
986 1120 1330 1184 Compatitur
1366 1122 1509 1171 enim
1547 1121 1762 1172 sibimet
1798 1121 1912 1171 ani-

230 1195 340 1245 mal
367 1201 428 1246 ut
455 1209 626 1245 unum
654 1196 912 1246 existens.
953 1195 1115 1251 Quod
1145 1209 1276 1246 vero
1305 1201 1359 1246 et
1379 1195 1672 1246 inconfusa
1701 1209 1912 1258 perma-

231 1275 372 1327 neat,
405 1275 569 1332 patet,
604 1269 753 1332 quod
788 1270 971 1320 anima
1004 1270 1420 1332 quomodolibet
1453 1274 1707 1332 separata
1739 1284 1772 1319 a
1797 1283 1912 1321 cor·
1940 1272 1980 1307 ¹⁵

233 1358 365 1407 pore
406 1345 460 1394 in
503 1358 698 1395 somno
739 1344 891 1395 velut
931 1350 1208 1395 mortuum
1250 1344 1387 1394 illud
1428 1345 1604 1394 iacere
1640 1343 1910 1407 relinquit,

233 1418 586 1470 solummodo
645 1424 828 1470 autem
892 1419 1173 1482 fumigans
1218 1419 1355 1468 illud
1399 1419 1527 1475 vita,
1574 1433 1642 1469 ne
1686 1418 1911 1474 omnino

233 1498 434 1556 pereat,
465 1493 767 1544 secundum
800 1508 858 1544 se
888 1494 942 1543 in
974 1493 1181 1544 somnis
1213 1498 1472 1556 operatur
1503 1493 1804 1555 disponens
1827 1491 1912 1544 fu-

231 1574 413 1618 turum
449 1573 502 1619 et
537 1567 987 1630 intellegibilibus
1023 1568 1492 1630 appropinquans.
1540 1567 1658 1618 Hoc
1693 1580 1911 1630 quoque

232 1642 377 1693 idem
409 1643 676 1705 contingit
706 1648 760 1692 et
791 1642 1013 1705 quando
1045 1641 1346 1692 secundum
1380 1655 1437 1692 se
1468 1641 1654 1704 ipsam*
1673 1645 1911 1691 contem·
1936 1645 1980 1680 2⁰

232 1716 383 1780 plata
409 1716 574 1767 fuerit
600 1716 808 1779 aliquid
837 1730 1043 1774 eorum,
1072 1730 1211 1779 quae
1240 1721 1380 1766 sunt.
1429 1718 1582 1769 Tunc
1611 1718 1827 1776 etenim,
1855 1723 1913 1768 ut

233 1791 458 1854 quidam
487 1797 774 1848 noverunt,
806 1806 838 1841 a
870 1805 1097 1853 corpore
1129 1804 1186 1841 se
1219 1795 1438 1853 separat
1468 1795 1521 1840 et
1544 1789 1616 1840 ad
1648 1803 1707 1840 se
1730 1789 1909 1851 ipsam

234 1865 387 1924 redit,
408 1871 471 1916 ut
492 1865 718 1916 accedat
741 1865 1118 1916 existentibus.
1154 1865 1481 1927 Incorporea
1503 1864 1649 1914 enim
1671 1863 1911 1914 existens

1481 1967 1912 1974 -0-——fflu—

308 2029 326 2070 1
365 2030 448 2070 sed
480 2042 568 2070 om.
602 2029 635 2070 A
737 2030 941 2079 sequitur
972 2029 1054 2070 AB
1205 2028 1229 2067 2
1263 2025 1486 2077 consistit]
1521 2039 1621 2068 cum
1656 2026 1787 2068 fuerit
1816 2026 1850 2067 A

232 2089 257 2130 3
290 2091 483 2130 existere
508 2089 637 2130 ΡΑΒ
668 2089 869 2130 existens
893 2089 980 2137 Ho,
1015 2089 1134 2129 male
1197 2088 1255 2128 ad
1286 2099 1375 2128 om.
1400 2087 1435 2128 A
1497 2083 1669 2136 venire]
1701 2086 1831 2127 unire
1854 2084 1910 2130 A:

227 2151 340 2199 post
369 2160 474 2189 ven.
507 2150 551 2188 d.
587 2150 615 2188 i.
649 2161 689 2189 υ.
724 2145 980 2197 μεταβολὴν
1014 2143 1063 2186 δὲ
1096 2143 1182 2185 οὐκ
1214 2142 1468 2195 ἐπιδέχεται
1706 2145 1732 2185 4
1770 2141 1911 2193 essetl

232 2209 313 2249 erit
343 2208 378 2248 A
501 2208 526 2247 5
560 2208 823 2248 immortalis
857 2203 1068 2257 (imortal’
1101 2204 1156 2256 A)
1189 2206 1318 2247 ΡΑΒ
1349 2201 1598 2255 (ἀθάνατος
1629 2201 1691 2254 Ν)
1731 2204 1911 2244 immor-

230 2267 319 2308 tale
350 2267 423 2308 Ho
457 2262 711 2316 (ἀθάνατου
743 2265 790 2307 Μ
821 2267 950 2313 Arm;
985 2266 1254 2306 immortalia
1283 2266 1351 2316 By
1369 2281 1423 2296 =
1443 2259 1650 2303 ἀθάνατα
1681 2259 1841 2312 vulyo)

231 2327 257 2366 6
290 2327 379 2366 alia
409 2326 537 2367 fieret
571 2319 686 2379 <et>
719 2336 813 2366 non
854 2327 942 2366 iam
984 2329 1106 2366 esset
1143 2325 1236 2364 vita
1268 2335 1353 2375 eqo
1386 2326 1463 2364 aut
1500 2324 1590 2363 alia
1627 2321 1769 2363 fieret.
1815 2332 1910 2362 non

231 2387 319 2426 iam
360 2388 484 2426 esset
520 2386 613 2425 vita
644 2386 683 2426 Ρ
723 2386 938 2426 animalia
977 2385 1106 2425 fieret
1143 2395 1238 2424 non
1277 2385 1367 2424 iam
1407 2383 1488 2424 erit
1525 2382 1618 2422 vita
1646 2381 1681 2422 A
1726 2391 1784 2421 an
1816 2391 1910 2422 non

231 2448 354 2485 esset
390 2445 483 2484 vita
523 2445 738 2485 animalia
777 2444 874 2486 fieri
906 2445 943 2485 Β
1064 2443 1201 2489 Quod
1232 2443 1266 2484 A
1426 2442 1450 2481 7
1483 2441 1758 2490 optinuisset
1787 2439 1827 2480 P

232 2505 274 2544 ei
305 2505 382 2544 vit.
415 2505 595 2555 transp.
628 2504 662 2545 A
801 2504 827 2543 8
860 2505 919 2553 ig.
953 2504 1041 2543 hoc
1073 2505 1254 2554 transp.
1285 2502 1323 2542 B
1353 2511 1462 2550 ergo
1494 2500 1582 2540 hoc
1613 2499 1647 2540 A
1785 2499 1812 2538 9
1843 2498 1911 2539 in-

232 2563 498 2612 tellegibilia
529 2575 617 2604 om.
649 2563 684 2604 A
839 2562 892 2602 10
924 2564 1015 2603 sint
1046 2564 1156 2603 ante
1187 2572 1278 2602 sec.
1306 2571 1418 2612 pon.
1449 2559 1484 2600 A
1631 2557 1679 2598 11
1716 2568 1910 2599 corrum-

233 2625 342 2670 pant
371 2622 409 2662 Β
557 2619 709 2672 Igitur]
743 2621 861 2672 Ergo
892 2622 930 2662 Β
1133 2620 1186 2660 12
1218 2620 1370 2660 anima
1400 2629 1454 2660 ex
1485 2619 1663 2658 animus
1694 2614 1770 2666 (at
1799 2611 1911 2669 old.)

233 2693 349 2721 corr.
382 2674 442 2721 P²
502 2682 656 2721 unitur
686 2681 769 2722 AB
912 2681 964 2721 13
997 2673 1208 2732 animalls
1235 2675 1293 2728 (is
1325 2689 1445 2719 eras.
1478 2674 1590 2726 vid.)
1622 2677 1662 2717 P
1781 2674 1835 2716 14
1866 2677 1912 2716 et

233 2751 321 2780 om.
346 2739 429 2780 AB
551 2740 604 2781 16
635 2741 747 2782 illud
778 2752 866 2781 om.
892 2740 926 2781 A
1053 2739 1104 2779 17
1137 2738 1283 2779 solum
1308 2737 1343 2778 A
1405 2736 1516 2776 illud
1545 2737 1639 2776 vita
1669 2737 1850 2786 transp.
1874 2734 1909 2776 A

295 2798 348 2838 18
380 2800 572 2839 somniis
606 2800 645 2840 Ρ
803 2799 857 2838 19
889 2802 934 2840 et
965 2810 1053 2839 om.
1086 2798 1123 2838 Β
1279 2795 1334 2835 20
1366 2798 1561 2836 contem.
1594 2794 1704 2836 fuer.
1736 2804 1828 2835 sec.
1859 2803 1911 2834 se

234 2858 317 2905 ips.
352 2868 470 2905 quae
502 2861 606 2897 sunt
637 2869 729 2898 eor.
763 2859 818 2898 al.
851 2855 916 2906 (h.
950 2854 1021 2906 0.)
1045 2857 1078 2897 A
1218 2855 1267 2895 21
1305 2855 1425 2896 enim
1458 2854 1534 2895 AB
1669 2853 1724 2894 22
1756 2863 1783 2893 a
1813 2862 1910 2894 cor-

234 2926 343 2964 pore
375 2927 463 2956 om.
496 2916 529 2956 A
541 2917 578 2957 Β
