1982 3172
235 128 337 177 146
597 120 855 166 NEMESII
889 120 1206 189 PREMNQN
1238 121 1563 184 PEHYSICON

230 257 473 308 existens
502 257 813 320 sanguinis;
846 270 880 306 a
911 257 1076 307 corde
1106 270 1255 314 vero,
1290 258 1438 320 quod
1469 264 1554 309 est
1581 259 1911 322 principium

230 330 432 389 vitaliS‚
456 331 671 388 arteria,
701 344 842 394 quae
869 327 1158 382 vasculum
1187 334 1274 382 est'
1300 332 1540 394 spiritus.
1579 331 1789 384 Horum
1814 334 1914 384 ita-

232 419 338 469 que
366 406 531 456 trium
566 405 986 456 coexistentium
1018 404 1328 456 adinvicem
1361 406 1795 470 unumquodque
1826 421 1915 458 ac-

232 479 363 544 cipit
393 480 828 542 uniuscuiusque
864 479 1275 530 adminiculum.
1320 479 1476 530 Vena
1509 475 1710 538 etenim
1742 482 1914 532 nutri-

231 559 478 606 mentum
522 553 832 617 impertitur
877 567 1048 604 nervo
1094 559 1147 604 et
1193 555 1440 613 arteriae,
1485 554 1686 606 arteria
1729 561 1911 607 autem
1963 570 1982 604 ε

233 627 422 679 tribuit
451 641 627 679 venae
663 627 901 679 calorem
934 627 1242 679 naturalem
1279 628 1642 691 spiritumque
1674 628 1913 688 vitalem.

232 701 392 754 Unde
429 715 531 766 nec
568 703 769 754 arteria
805 701 955 753 valet
994 702 1225 753 inveniri
1266 703 1383 754 sine
1422 703 1692 766 sanguine
1728 702 1914 755 subtili

233 790 335 828 nec
365 790 510 828 vena
544 776 755 840 absque
792 777 987 839 spiritu
1024 790 1321 839 vaporoso.
1367 776 1605 828 Levatur
1638 790 1771 829 vero
1805 776 1916 828 ior-

233 851 358 903 titer
388 857 444 903 et
480 850 776 915 deponitur
811 852 1011 902 arteria
1047 865 1144 913 per
1189 855 1467 918 quandam
1507 857 1810 906 armoniam
1846 860 1920 905 at-

234 938 340 988 que
360 926 631 977 rationem
657 926 987 990 principium
1012 926 1274 976 motionis
1299 924 1509 976 habens
1535 939 1569 975 a
1594 924 1774 976 corde.
1806 923 1914 983 Sed
1946 939 1982 974 lu

235 998 453 1051 elevata
495 999 718 1064 quidem
762 1014 797 1050 a
839 1000 1034 1050 vicinis
1078 1000 1234 1050 venis
1280 1013 1402 1050 cum
1446 999 1711 1051 violentia
1751 999 1917 1050 trahit

235 1075 563 1137 sanguinem
607 1073 881 1132 subtilem,
928 1074 1020 1137 qui
1062 1087 1342 1137 vaporans
1401 1075 1794 1125 nutrimentum
1850 1073 1917 1124 fit

237 1148 454 1212 spiritui
485 1147 659 1207 vitali,
698 1147 954 1211 deposita
988 1154 1173 1199 autem
1211 1147 1577 1206 fumositates
1615 1161 1756 1210 quae
1792 1155 1918 1198 sunt

234 1223 290 1272 in
310 1223 447 1285 ipsa,
472 1227 660 1274 movet
685 1237 785 1285 per
807 1229 983 1274 totum
1010 1235 1211 1284 corpus
1236 1231 1288 1276 et
1310 1239 1404 1287 per
1426 1239 1590 1295 poros
1608 1224 1924 1290 invisibiles,

237 1295 708 1360 quemadmodum
733 1310 824 1347 cor
852 1309 949 1359 per
976 1310 1041 1346 os
1068 1301 1122 1347 et
1150 1309 1246 1358 per
1270 1296 1512 1346 nares'in
1535 1295 1918 1357 exspirationi·
1947 1309 1982 1344 ιε

237 1371 341 1421 bus
375 1371 500 1422 eicit
538 1383 670 1422 suas
707 1370 1074 1422 fumositates.

316 1506 335 1546 1
372 1508 561 1556 sanguis
592 1506 632 1547 B
753 1506 778 1546 3
818 1517 873 1546 co
899 1518 987 1547 om.
1012 1500 1072 1547 Α1
1096 1518 1133 1547 s.
1159 1518 1199 1547 υ.
1224 1507 1378 1556 suppl.
1402 1499 1464 1546 A²
1487 1508 1542 1546 ut
1562 1506 1655 1547 vid.
1717 1517 1806 1546 om.
1829 1506 1867 1546 Β

239 1566 498 1607 adinvicem
531 1566 572 1606 D
603 1566 801 1607 invicem
833 1566 873 1606 P
1044 1565 1070 1606 8
1101 1575 1210 1606 vero
1243 1565 1290 1605 Μ
1321 1568 1472 1606 autem
1504 1565 1543 1605 Β
1707 1564 1735 1604 9
1766 1565 1928 1605 arteria

240 1637 330 1667 om.
361 1625 400 1666 B
554 1623 608 1665 10
638 1625 864 1666 habemus
895 1625 930 1665 A
1087 1624 1141 1664 12
1174 1624 1299 1674 quod
1330 1624 1367 1664 B
1512 1623 1565 1664 15
1598 1634 1679 1673 per
1710 1634 1799 1664 om.
1830 1623 1868 1663 Β

242 1684 297 1727 16
326 1685 442 1735 post
468 1683 635 1726 fumos.
666 1685 778 1725 add.
812 1683 1006 1733 Explicit
1037 1683 1083 1723 Μ
1256 1700 1258 1702 v
