1982 3172
659 83 743 130 DE
776 82 921 130 Vlsu
955 82 1094 129 CAP.
1121 82 1204 128 vn
1717 90 1785 139 79

96 228 247 283 tium,
283 224 388 275 hoc
427 224 691 274 memoria
731 222 851 272 sola
893 227 1198 270 conservat.
1249 219 1518 282 Superius
1559 232 1690 269 vero
1728 226 1779 269 et
1817 229 1872 269 20

96 299 341 357 inferiuS,
371 303 425 349 et
458 296 750 360 inaequale
783 302 837 347 et
871 294 1116 358 aequale,
1153 293 1402 345 similiter
1435 299 1490 344 et
1519 306 1779 356 asperum

93 379 146 425 et
169 373 290 424 leve
318 378 374 424 et
400 378 623 424 acutum
653 377 707 423 et
736 370 997 421 obtusum
1026 369 1342 420 communia
1367 373 1494 419 sunt
1519 373 1698 419 tactus
1727 378 1779 417 et

92 449 262 506 visuS,
281 448 412 510 quia
435 452 489 498 et
512 445 616 498 soli
640 446 731 497 isti
757 458 954 495 sensus
978 443 1160 494 locum
1182 443 1492 494 dinoscunt.
1525 442 1779 505 Indigent

48 541 71 576 5
93 535 225 574 vero
258 521 554 573 intellectu.
602 520 795 572 Solum
830 532 1067 582 namque
1104 517 1258 576 illud,
1296 517 1445 580 quod
1483 531 1579 580 per
1612 531 1777 567 unam

92 597 512 659 occupationem
543 594 787 646 succedit
821 594 1024 651 sensui,
1057 592 1231 643 solius
1267 606 1462 643 sensus
1496 606 1639 654 opus
1671 599 1778 648 est;

94 685 234 734 quae
257 683 391 723 vero
422 669 727 721 secundum
757 668 944 732 plures
974 682 1084 718 non
1116 667 1290 718 solius
1321 673 1462 725 sunt,
1490 666 1587 717 sed
1613 667 1777 717 etiam

94 746 390 796 memoriae
446 758 567 795 cum
623 743 919 800 intellectu,
978 749 1035 793 ut
1092 743 1200 792 iam
1256 747 1625 792 monstratum
1678 746 1777 791 est.

93 819 298 871 Lucida
336 825 522 871 autem
563 819 730 870 etiam
774 831 948 880 usque
992 817 1063 867 ad
1108 816 1450 879 profundum
1494 815 1777 878 perforare
1815 826 1863 867 21

28 912 71 949 ιο
94 899 277 957 potest
301 894 482 950 visus;
512 899 568 944 et
600 893 778 954 primo
814 891 1037 954 quidem
1069 905 1137 941 ac
1167 891 1405 940 maxime
1435 904 1634 940 aerem.
1675 889 1779 939 To-

93 975 207 1019 tum
267 968 412 1018 enim
474 966 629 1017 illum
693 965 1008 1018 transforat.
1067 964 1323 1016 Secundo
1384 979 1518 1016 vero
1575 979 1776 1027 aquam

91 1043 462 1105 quiescentem
493 1047 661 1104 atque
699 1054 910 1104 puram,
947 1046 1006 1091 ut
1043 1041 1223 1102 pisces
1257 1040 1551 1090 videamus
1586 1046 1778 1090 natan-

92 1124 187 1168 tes.
225 1115 409 1167 Minus
439 1122 624 1168 autem
655 1116 851 1167 transit
882 1128 979 1178 per
1008 1116 1212 1166 vitrum
1241 1121 1295 1166 et
1321 1114 1432 1164 alia
1456 1114 1776 1164 huiusmodi

91 1190 501 1255 resplendentia
539 1197 595 1242 et
636 1191 743 1240 hoc
784 1203 1006 1253 quoque
1049 1190 1167 1240 eius
1211 1195 1295 1240 est
1338 1190 1640 1252 proprium.
1696 1189 1776 1239 Ne
1817 1201 1870 1240 22

26 1283 67 1318 15
92 1265 275 1316 deviet
313 1271 499 1318 autem
541 1265 776 1328 aliquOS,
819 1271 877 1316 ut
919 1263 1118 1314 caloris
1161 1265 1441 1327 susceptio
1484 1265 1555 1314 ad
1595 1265 1776 1315 visum

92 1340 377 1402 pertineat,
412 1353 479 1391 eo
521 1339 670 1402 quod
710 1340 892 1402 ignem
931 1338 1184 1390 videntes
1225 1340 1429 1389 scimus
1469 1338 1776 1393 confestim,

91 1413 240 1477 quod
280 1413 494 1465 calidus
535 1415 619 1465 sit.
671 1413 728 1464 Si
769 1415 914 1464 enim
956 1413 1027 1464 ad
1070 1415 1307 1476 primum
1345 1414 1528 1464 visum
1566 1413 1776 1463 referas

91 1489 696 1547 rationem,›invenies,
758 1487 924 1551 quod,
984 1502 1106 1538 cum
1154 1489 1392 1551 primum
1437 1489 1593 1539 visus
1637 1488 1777 1539 vidit

90 1564 288 1626 ignem,
330 1562 504 1614 solius
547 1563 748 1614 coloris
788 1568 843 1614 et
886 1562 1103 1626 figurae
1146 1564 1265 1613 eius
1308 1564 1514 1626 recepit
1554 1577 1777 1625 suscep-

22 1654 67 1690 20
90 1638 311 1696 tionem,
343 1637 638 1689 accedente
676 1651 898 1700 quoque
931 1643 985 1689 et
1023 1644 1170 1689 tactu
1208 1639 1588 1700 cognovimuS‚
1625 1638 1774 1700 quod

91 1711 302 1762 calidus
343 1718 505 1771 esset,
550 1712 700 1775 quod
760 1712 983 1775 quidem
1043 1713 1394 1764 conservavit
1436 1714 1703 1763 memoria
1745 1727 1777 1762 a

93 1792 239 1837 tactu
280 1793 520 1850 accepta.
578 1787 738 1838 Nunc
780 1787 961 1850 igitur,
1007 1787 1231 1850 quando
1275 1787 1532 1838 videmus
1576 1789 1776 1850 ignem,

92 1859 226 1910 nihil
268 1860 421 1911 aliud
465 1861 738 1920 videmus,
782 1863 888 1912 nisi
933 1861 1174 1925 figuram
1219 1863 1479 1925 ignisque·
1521 1862 1777 1920 colorem,

91 1934 189 1984 sed
211 1934 522 1987 intellectus
551 1936 713 1987 simul
742 1937 941 1999 accipit
970 1950 1092 1987 cum
1122 1938 1403 1996 memoria,
1433 1937 1565 1987 dum
1590 1937 1777 2000 aliqua

26 2026 72 2061 25
94 2010 215 2059 visa
245 2008 464 2068 fuerint,
500 2009 737 2061 calorem
771 2011 953 2062 etiam.
999 2010 1206 2062 Eadem
1241 2012 1381 2063 ratio
1414 2019 1500 2062 est
1530 2013 1583 2062 in
1615 2012 1779 2064 malo,

90 2082 146 2133 Si
175 2083 320 2134 enim
354 2097 465 2135 non
497 2097 565 2134 ex
600 2084 720 2136 solo
756 2085 939 2136 colore
971 2091 1027 2137 et
1057 2085 1242 2150 figura
1271 2086 1627 2150 specificatur
1660 2100 1774 2137 ma·
1812 2098 1867 2145 23

94 2157 220 2215 lum,
241 2157 339 2208 sed
362 2157 534 2208 odore
559 2159 724 2210 etiam
747 2165 801 2211 et
825 2159 1089 2222 qualitate
1109 2160 1180 2211 ad
1202 2166 1428 2224 gustum
1454 2162 1775 2223 pertinente,

167 2279 185 2319 1
225 2290 358 2320 mem.
391 2281 491 2320 sola
523 2283 706 2332 transp.
733 2283 766 2322 A
892 2282 917 2322 2
950 2283 1028 2324 inf.
1062 2286 1107 2324 et
1141 2294 1242 2333 aeq.
1269 2286 1314 2324 et
1334 2278 1531 2333 sfinaeq.
1565 2280 1722 2332 (lu-o.)
1747 2284 1780 2324 A

91 2338 168 2379 inf.
201 2349 303 2389 aeq.
337 2343 381 2380 et
414 2341 565 2390 inaeq.
598 2341 636 2381 Β
696 2335 764 2382 et⁸
795 2353 884 2383 om.
918 2343 954 2383 B
1195 2343 1221 2383 3
1254 2343 1355 2384 leve
1368 2332 1434 2383 ‘et
1465 2343 1504 2383 Ρ
1534 2344 1638 2384 lene
1671 2348 1716 2383 et
1748 2345 1782 2384 A

89 2397 194 2439 lene
224 2398 262 2439 Β
441 2399 467 2439 4
501 2400 764 2441 discernunt
793 2402 831 2442 Β
1012 2403 1035 2443 7
1066 2405 1179 2453 post
1210 2405 1315 2443 sunt
1347 2404 1458 2443 add.
1492 2413 1656 2443 sensus
1688 2403 1723 2444 A

92 2455 118 2496 8
149 2467 251 2498 cum
284 2469 373 2499 om.
405 2459 443 2500 Β
617 2459 643 2499 9
675 2461 812 2501 etiam
842 2464 955 2512 post
988 2461 1101 2511 prof.
1131 2473 1243 2513 pon.
1276 2464 1310 2504 A
1491 2461 1539 2502 11
1577 2462 1784 2502 transfor.

94 2515 216 2556 illum
249 2513 315 2567 (h,
348 2516 413 2567 o.)
445 2519 483 2559 Β
514 2517 692 2560 anforat
724 2519 848 2560 illum
880 2520 914 2561 A
1053 2533 1162 2563 vero
1195 2533 1285 2563 om.
1319 2523 1351 2563 A
1477 2533 1599 2571 aqua
1630 2522 1665 2563 A

97 2574 150 2615 13
178 2579 291 2626 post
320 2577 517 2620 huiusm.
550 2581 595 2620 d.
627 2581 657 2620 ι’.
691 2591 731 2620 υ.
765 2575 908 2629 δῆλον
942 2577 992 2619 δὲ
1024 2576 1095 2619 ὅτι
1232 2581 1285 2621 14
1318 2585 1388 2622 est
1419 2593 1508 2622 om.
1542 2581 1626 2622 AB
1709 2579 1784 2631 ne]

95 2645 190 2675 non
219 2635 257 2676 Β
438 2637 491 2678 15
523 2639 722 2689 aliquisd
752 2639 787 2680 A
822 2641 925 2689 quis
955 2640 993 2681 Β
1177 2641 1230 2681 16
1262 2652 1319 2682 eo
1352 2638 1496 2691 quod]
1530 2641 1696 2682 eodem
1728 2635 1787 2682 Ρι

94 2705 213 2735 corr.
244 2687 306 2735 Ρ8
449 2696 500 2737 17
534 2698 732 2739 calidum
763 2699 801 2739 Β
892 2700 1081 2749 primam
1115 2701 1149 2742 A
1242 2701 1390 2741 visum
1423 2712 1513 2742 om.
1546 2701 1630 2742 AB
1721 2712 1786 2741 re-

94 2753 206 2794 ferat
235 2754 274 2795 Β
411 2755 463 2797 18
496 2759 687 2807 primum
720 2769 810 2799 om.
843 2759 880 2799 Β
1013 2759 1068 2800 19
1100 2757 1161 2809 et]
1196 2761 1243 2800 in
1274 2760 1312 2800 Β
1433 2760 1484 2800 21
1521 2761 1718 2801 calidum
1753 2761 1791 2801 Ρ

153 2812 328 2853 21--22
361 2825 388 2854 a
411 2818 532 2857 tactu
556 2817 594 2858 Β
624 2819 790 2858 atactai
815 2818 855 2859 P
883 2821 1004 2859 tactu
1030 2819 1063 2860 A
1166 2819 1222 2859 23
1254 2819 1446 2870 figuram
1473 2821 1688 2870 ignisque
1713 2831 1787 2861 ca-

95 2873 236 2913 lorem
259 2873 297 2913 Β
328 2873 497 2923 figuras
529 2876 676 2916 solum
710 2881 754 2917 et
788 2877 986 2919 colorem
1013 2879 1046 2920 A
1171 2878 1227 2918 24
1261 2881 1480 2920 memoria
1506 2880 1611 2920 dum
1639 2892 1726 2921 om.
1755 2880 1790 2920 Β

155 2931 210 2972 25
245 2933 364 2972 malo
396 2929 502 2975 AP¹
533 2947 763 2987 super-scr.
799 2938 844 2977 id
877 2941 946 2978 est
979 2948 1120 2987 pomo
1153 2933 1212 2979 Ρὃ
1287 2939 1453 2979 malum
1487 2940 1523 2980 Β
