1982 3172
342 81 426 127 DE
459 79 753 127 MOTIONE
787 79 877 125 AD
912 78 1237 125 PLACITUM
1273 78 1411 124 CAP.
1438 78 1613 123 XXVII
1723 85 1820 134 107

133 233 262 270 vero
322 217 534 269 vitales.
589 216 875 268 Animales
921 216 1143 280 quidem
1189 215 1551 272 voluntariae,
1599 221 1816 266 natura-
1856 223 1880 262 2

131 293 210 344 les
231 306 365 344 vero
394 297 447 343 et
473 291 672 343 vitales
703 297 830 343 sunt
858 290 1278 342 involuntariae.
1318 289 1382 341 Et
1405 289 1675 340 animales
1701 290 1818 352 qui·
1854 298 1879 338 3

131 367 255 418 dem
281 372 408 418 sunt
438 367 606 417 duae:
634 366 806 418 motio
837 366 908 416 ad
940 365 1202 428 placitum
1230 371 1285 416 et
1310 364 1661 415 sensibilitas.
1699 363 1817 414 Mo-

129 442 294 493 tionis
326 455 459 492 vero
498 441 570 491 ad
609 441 870 504 placitum
910 446 1037 491 sunt
1075 440 1312 502 species:
1359 439 1691 490 mutativum
1727 438 1815 489 vel

0 522 5 570 l
82 532 104 566 5
128 517 397 568 motivum
438 517 607 567 totius
649 516 896 579 corporis
936 521 990 566 et
1029 514 1226 566 vocale
1262 520 1318 565 et
1357 513 1706 576 exspirabile.
1757 513 1812 563 In

122 591 283 642 nobis
322 605 559 654 namque
600 597 683 642 est
722 591 859 641 haec
897 596 950 641 et
991 589 1173 640 facere
1213 595 1266 640 et
1302 603 1413 640 non
1451 588 1647 640 facere.
1701 587 1810 638 Na·
1849 596 1873 636 4

123 665 328 717 turales
356 679 490 716 vero
524 671 578 716 et
610 665 808 716 vitales
841 678 953 715 non
989 670 1116 715 sunt
1149 664 1203 714 in
1234 664 1411 722 nobis,
1442 663 1539 714 sed
1574 662 1809 714 volenti-

123 741 226 791 bus
253 746 418 803 atque
449 739 766 791 nolentibus
797 739 1078 791 naturales
1110 739 1343 790 virtutes
1377 738 1521 789 fiunt
1552 743 1611 789 ut
1639 738 1810 788 nutri-

123 814 247 865 bilis
285 820 338 865 et
379 815 795 877 augmentativa
828 820 888 885 'et
927 814 1264 877 generativa,
1306 827 1447 876 quae
1489 819 1615 863 sunt
1652 818 1810 863 natu-

58 903 99 938 ιω
123 889 280 947 rales,
312 895 365 940 et
402 888 696 952 pulsativa,
732 889 875 952 quae
909 893 993 939 est
1026 888 1228 939 vitalis.
1275 887 1644 938 Instrumenta
1675 901 1808 938 vero
1849 896 1874 935 5

120 963 352 1014 aliarum
376 977 544 1026 supra
572 963 717 1014 dicta
743 969 885 1014 sunt.
924 962 1086 1013 Nunc
1108 976 1241 1013 vero
1270 962 1601 1013 divisionem
1623 967 1809 1012 motus

120 1037 403 1089 faciemus.

355 1199 472 1266 DE
522 1199 923 1267 MOTIONE
971 1199 1089 1266 AD
1139 1198 1576 1268 PLACITUM

154 1289 319 1356 VEL
364 1288 849 1357 SECUNDUM
898 1288 1487 1356 VOLUNTATEM
1537 1287 1774 1372 QUAE

53 1410 93 1444 15
415 1378 824 1446 PERTINET
873 1378 990 1445 AD
1041 1378 1534 1446 APPETIBILE
1833 1452 1901 1501 27

202 1499 388 1566 Motus
413 1515 582 1577 igitur
609 1514 913 1566 secundum
944 1514 1289 1566 voluntatem
1319 1514 1408 1566 vel
1438 1514 1509 1565 ad
1538 1514 1800 1577 placitum
1844 1524 1862 1564 1

115 1589 442 1652 principium
471 1595 554 1640 est
587 1590 868 1641 cerebrum
902 1589 1210 1640 membrum
1243 1589 1486 1641 existens
1519 1595 1572 1640 et
1601 1589 1800 1652 ipsum.

114 1663 479 1715 Instrumenta
513 1678 647 1716 vero
686 1669 813 1716 sunt
851 1664 1006 1715 nervi
1044 1670 1335 1716 nascentes
1374 1664 1443 1714 ab
1479 1664 1586 1715 hoc
1619 1670 1672 1715 et
1711 1677 1799 1715 co·

111 1739 376 1789 nexiones
399 1744 451 1790 et
478 1739 729 1790 musculi.
770 1738 1007 1790 Musculi
1038 1739 1346 1791 consistunt
1372 1752 1441 1789 ex
1466 1739 1722 1790 carnibus
1746 1745 1800 1789 et
1839 1748 1864 1788 2

44 1826 89 1862 20
112 1813 363 1863 nervosis
383 1813 603 1864 chordis
627 1820 679 1865 et
705 1812 978 1877 pelliculis
1004 1813 1308 1876 complexis
1332 1827 1629 1865 nervorum
1645 1813 1799 1865 chor-

113 1885 213 1937 dis.
252 1885 412 1937 Unde
444 1887 668 1950 quidam
704 1894 1038 1951 putaverunt
1070 1901 1168 1939 eos
1200 1887 1328 1939 ideo
1358 1887 1647 1939 sensibiles
1676 1902 1798 1939 esse

111 1967 336 2024 propter
359 1961 776 2014 sensibilitatem
803 1960 1098 2013 nervorum
1124 1963 1205 2013 eis
1234 1962 1667 2026 complexorum.
1705 1962 1799 2014 Est
1837 1973 1863 2014 3

110 2036 279 2099 igitur
303 2036 524 2094 chorda,
556 2051 696 2100 quae
727 2051 922 2101 graece
955 2037 1153 2089 dicitur
1182 2044 1364 2096 tenon,
1393 2039 1704 2101 composita
1729 2052 1797 2089 ex

111 2109 350 2174 ligatura
391 2116 445 2162 et
486 2112 671 2163 nervis
716 2111 1026 2163 subtilibus
1083 2112 1288 2164 Differt
1331 2118 1516 2164 autem
1558 2119 1724 2165 tenon
1765 2128 1797 2163 a

44 2198 89 2232 25
109 2198 298 2242 nervo,
324 2185 473 2248 quod
504 2187 683 2238 omnis
714 2200 917 2237 nervus
948 2187 1225 2238 sensibilis
1253 2192 1338 2239 est
1362 2193 1418 2239 et
1442 2187 1715 2238 rotundus
1745 2194 1799 2238 et

111 2258 335 2310 mollior
358 2265 411 2310 et
442 2260 655 2311 initium
688 2261 898 2312 habens
929 2275 962 2311 a
994 2262 1232 2319 cerebro,
1262 2267 1428 2313 tenon
1454 2275 1588 2312 vero
1621 2268 1674 2312 et
1700 2262 1798 2312 du-

186 2380 204 2421 1
240 2392 349 2423 vero
382 2393 471 2423 om.
503 2382 542 2423 Β
685 2381 712 2423 3
743 2383 1059 2424 sensibilitatis
1090 2385 1128 2425 Β
1279 2384 1306 2425 4
1338 2385 1522 2434 species
1556 2378 1685 2438 <111>
1716 2385 1804 2434 Ho,

109 2441 256 2490 male,·
288 2452 397 2482 nam
429 2436 533 2491 τρία
565 2453 655 2483 om.
687 2438 875 2483 ΠΒΡΑ
907 2455 1002 2484 ηοη
1035 2445 1123 2495 leq.
1156 2444 1224 2495 By
1421 2444 1448 2484 6
1480 2454 1683 2495 namque
1715 2442 1801 2493 est]

107 2500 230 2540 enim
262 2499 298 2542 A
421 2501 537 2543 haec
569 2505 615 2543 et
645 2502 686 2542 Ρ
714 2502 804 2543 hoc
835 2505 882 2543 et
912 2502 999 2545 AC
1027 2503 1117 2544 hoc
1148 2504 1186 2544 Β
1362 2503 1416 2543 10
1445 2505 1559 2555 post
1590 2506 1661 2546 est
1691 2505 1803 2545 add.

107 2561 153 2600 et
182 2558 217 2600 A
373 2559 422 2601 11
458 2572 596 2610 supra
629 2558 766 2610 dicta]
802 2562 1035 2611 praedicta
1066 2563 1100 2604 A
1250 2562 1304 2603 12
1337 2562 1560 2604 iaciamus
1591 2557 1651 2605 P¹
1683 2575 1802 2605 corr.

106 2611 167 2659 12²
199 2620 252 2659 ut
281 2620 373 2661 vid.
568 2620 740 2661 13—15
773 2620 844 2662 De
877 2641 931 2648 -
965 2622 1218 2672 appetibile
1250 2621 1338 2664 PC
1367 2622 1486 2663 *¹*36
1513 2622 1612 2674 fere
1642 2624 1734 2664 list.
1767 2623 1805 2664 B

107 2689 196 2718 om.
228 2677 263 2719 A
297 2690 443 2730 aeque
475 2691 533 2721 ac
566 2685 627 2730 72,
647 2685 698 2721 16
864 2680 917 2721 15
950 2682 1204 2731 appetibile
1236 2693 1322 2733 eqo
1355 2682 1621 2732 appetibilis
1652 2683 1692 2724 Ρ
1722 2694 1803 2732 ap-

108 2737 282 2786 petibil'
317 2737 372 2785 C;
404 2750 468 2780 an
500 2739 766 2790 appetibilis
802 2733 1076 2794 (speciem)
1089 2741 1125 2790 ?,
1159 2742 1216 2792 cf.
1248 2742 1318 2792 39
1451 2741 1503 2782 17
1533 2744 1647 2793 post
1679 2753 1802 2784 cere-

108 2796 235 2836 brum
268 2798 313 2838 d.
340 2798 368 2838 ἰ.
395 2809 434 2839 υ.
469 2796 544 2838 καὶ
576 2796 602 2838 ὁ
635 2799 851 2838 νωτιαῑο(
885 2796 1051 2847 μυελὸς
1084 2796 1346 2855 ἑγιςεφάλου
1449 2800 1502 2842 18
1536 2803 1662 2843 nervi
1691 2804 1806 2854 post

108 2856 232 2896 instr.
254 2868 367 2907 pon.
392 2857 430 2898 Β
509 2859 568 2899 ab
602 2859 691 2900 hoc
723 2857 809 2900 PC
838 2859 897 2900 ad
930 2859 1020 2901 hoc
1050 2860 1088 2901 Β
1120 2872 1147 2900 a
1179 2861 1365 2903 cerebro
1392 2860 1425 2902 A
1552 2860 1727 2903 18—19
1760 2865 1805 2902 et

110 2925 251 2957 muse.
284 2918 330 2957 et
361 2927 523 2958 conex.
555 2914 622 2967 (h.
656 2915 721 2969 o.)
752 2918 787 2960 A
942 2918 998 2959 22
1031 2917 1116 2969 eis]
1151 2920 1252 2962 eius
1285 2919 1324 2963 C
