1982 3172
223 113 324 162 112
584 105 841 151 NEMESII
875 104 1190 152 PREMNON
1223 106 1547 154 PHYSICON

221 244 330 292 riae
361 243 482 293 sint.
529 242 1027 293 Involuntariorum
1061 257 1299 305 namque
1332 257 1559 306 operum
1594 245 1746 295 nulla
1778 245 1899 296 laus

161 326 186 366 9
219 317 320 366 erit
348 317 438 367 vel
472 317 822 378 vituperatio,
947 316 1071 366 Non
1104 322 1189 367 est
1223 317 1367 366 enim
1400 316 1562 368 facile
1593 318 1897 378 decernere,

220 390 381 452 quale
423 404 555 453 prae
601 389 748 452 quali
793 392 862 441 sit
906 391 1238 453 eligendum.
1293 391 1525 453 Oportet
1567 399 1751 444 autem
1792 393 1899 444 fre-

221 471 448 527 quenter
483 478 614 527 prae
654 465 906 526 turpibus
943 465 1146 527 eligere
1185 466 1512 528 affligentia,
1552 473 1611 518 ut
1646 467 1899 518 Susanna

219 546 272 589 et
305 538 511 601 Joseph
547 538 809 597 fecerunt,
845 553 955 588 non
993 553 1209 601 semper
1242 540 1610 602 vituperandi.
1654 540 1771 591 Ori
1785 555 1899 604 ge·
1950 559 1982 591 ε.

220 627 340 662 nes
376 619 576 671 autem,
615 627 684 663 ne
721 613 985 665 incideret
1022 614 1077 663 in
1117 614 1513 677 turpitudinem
1549 615 1900 678 Aethiopum,
1979 633 1982 637 ·

69 729 75 732 .
137 697 189 737 ιο
222 687 515 737 immolans
551 687 754 738 decidit
791 687 860 738 ab
897 690 1061 738 omni.
1111 687 1200 739 Sic
1235 702 1345 739 non
1380 695 1465 740 est
1498 689 1678 740 facilis
1709 689 1901 741 talium

223 762 480 824 cognitiO,
519 762 647 824 quia
688 762 1021 825 quandoque
1059 763 1425 825 periculosius
1465 769 1548 814 est
1587 778 1751 826 quam
1789 779 1903 814 ma-

222 848 352 885 nere
374 836 429 886 in
461 837 759 887 sententiis,
801 836 925 887 Non
954 837 1100 887 enim
1132 837 1379 888 similiter
1408 838 1739 890 obumbrant
1763 839 1904 902 peri-

225 909 347 959 cula
385 916 705 973 exspectata
746 917 799 961 et
840 912 1246 974 consequentia.
1299 911 1408 962 Sed
1451 912 1783 975 quandoque
1824 912 1982 963 di-1t1

223 983 530 1034 iudicantes
571 998 818 1035 erramus
859 985 912 1034 in
955 985 1159 1035 iudicio
1202 986 1392 1048 peiora
1433 985 1712 1048 eligenteS‚
1753 992 1811 1037 ut
1847 987 1902 1036 in

226 1058 557 1120 quibusdam
618 1060 847 1122 contigit
905 1061 961 1109 in
1019 1061 1311 1124 martyriis,
1373 1061 1464 1123 qui
1522 1061 1579 1110 in
1634 1061 1903 1123 principio

225 1132 447 1183 fuerunt
492 1134 702 1184 robusti
748 1140 801 1184 et
845 1135 986 1184 circa
1030 1134 1201 1184 finem
1245 1135 1300 1184 in
1357 1134 1692 1185 verecundia
1744 1141 1800 1186 et
1850 1136 1905 1184 in

141 1218 187 1257 11
226 1209 588 1270 temptatione
629 1209 966 1258 cruciatuum
1013 1214 1140 1261 sunt
1181 1208 1425 1259 emolliti.
1480 1208 1679 1259 Nullus
1721 1214 1905 1260 autem

226 1288 380 1344 putet
411 1283 630 1332 veneris
669 1282 1003 1332 desiderium
1039 1289 1093 1333 et
1129 1282 1372 1333 furorem
1409 1283 1904 1334 involuntariorum
1934 1298 1966 1333 ιε

227 1370 349 1406 esse
377 1356 716 1414 delictorum,
747 1371 814 1407 eo
847 1357 995 1419 quod
1027 1357 1164 1407 haec
1193 1357 1407 1407 initium
1438 1358 1678 1407 exterius
1704 1356 1907 1408 habent

227 1430 564 1481 effectivum.
614 1431 755 1480 Nam
797 1432 1008 1493 species
1047 1432 1346 1482 meretricis
1386 1432 1657 1493 excerpsit
1695 1432 1908 1494 inspec-

142 1515 194 1556 12
228 1513 402 1556 torem
437 1505 509 1555 ad
547 1519 804 1555 venerem
839 1511 895 1555 et
932 1506 1150 1556 irritans
1188 1506 1361 1555 movit
1398 1505 1656 1555 furorem.
1703 1503 1908 1561 Quam-

226 1581 311 1629 vis
347 1580 491 1630 enim
530 1580 746 1629 initium
783 1580 1024 1630 exterius
1062 1579 1315 1637 habeant,
1355 1586 1536 1630 tamen
1574 1580 1682 1642 ipsi
1717 1593 1813 1642 per
1847 1593 1906 1630 se
1976 1643 1980 1646 θ

226 1661 278 1704 et
311 1667 408 1716 per
444 1654 705 1716 organica
739 1653 984 1703 membra
1020 1659 1193 1716 agunt
1225 1659 1280 1704 et
1313 1667 1424 1703 non
1458 1653 1768 1704 subintrant
1799 1653 1904 1703 dif-
1929 1668 1973 1703 20

231 1728 471 1779 finitioni
497 1728 867 1786 involuntarii,
900 1742 1021 1778 cum
1053 1728 1304 1790 principii
1322 1728 1487 1778 etiam
1509 1741 1732 1777 causam
1755 1726 1902 1778 idem

226 1804 332 1865 ipsi
370 1802 654 1853 obtineant
695 1816 791 1864 per
829 1803 1072 1864 ineptam
1111 1802 1522 1858 educationem;
1562 1815 1595 1851 a
1634 1802 1904 1864 passioni-

142 1887 194 1927 13
226 1877 329 1926 bus
354 1877 520 1939 igitur
551 1876 750 1927 devicti
781 1882 922 1927 sunt.
962 1875 1357 1938 Vituperantur
1386 1877 1552 1938 igitur
1579 1875 1716 1926 haec
1739 1889 1905 1939 agen-

227 1958 308 2001 tes
338 1958 395 2001 ut
427 1951 800 2001 voluntarium
831 1950 1037 2000 malum
1072 1950 1435 2012 perficientes.
1481 1949 1643 2005 Quod
1674 1963 1805 2000 vero
1835 1951 1905 2000 sit

224 2026 613 2083 voluntarium,
642 2039 709 2075 ex
741 2026 846 2075 hoc
875 2024 1244 2075 manifestum.
1290 2024 1642 2075 Delectantur
1673 2025 1818 2074 enim
1848 2025 1902 2073 in
1929 2037 1971 2072 25

226 2106 364 2150 actu.
404 2100 511 2150 Sed
544 2099 973 2157 involuntarium
1006 2098 1338 2149 afflictivum
1371 2104 1653 2150 ostensum
1685 2104 1781 2149 est.
1823 2097 1903 2148 De

299 2341 324 2380 2
357 2351 541 2380 cernere
566 2342 603 2381 Β
703 2341 727 2380 3
762 2341 897 2389 quale
926 2342 1038 2390 post
1071 2340 1194 2388 quali
1224 2351 1336 2390 pon.
1361 2339 1395 2379 A
1503 2338 1619 2378 3—4
1650 2337 1910 2387 frequenter

220 2403 332 2450 post
366 2403 479 2448 turp.
510 2411 621 2450 pon.
655 2401 691 2439 Β
902 2400 927 2438 4
961 2400 1045 2439 sub
1079 2409 1224 2438 sanna
1256 2399 1290 2439 A
1503 2398 1528 2436 5
1561 2401 1607 2438 et
1636 2397 1676 2437 P
1706 2399 1754 2436 ut
1785 2397 1825 2436 D

224 2459 250 2498 6
283 2456 452 2507 autem]
485 2470 594 2499 vero
626 2460 660 2500 A
770 2459 815 2498 in
848 2458 1172 2507 turpitudinem
1205 2457 1291 2498 PC
1319 2456 1641 2506 turpitudinem
1674 2456 1708 2496 A
1742 2456 1907 2505 inepti-

224 2519 427 2558 tudinem
459 2518 497 2558 B
662 2518 686 2557 7
716 2520 831 2569 post
861 2519 986 2557 omni
1017 2518 1092 2557 **6
1119 2518 1215 2568 fere
1245 2518 1507 2557 litterarum
1538 2515 1577 2556 Β
1681 2514 1782 2554 talis
1813 2515 1851 2556 B

224 2577 250 2616 8
283 2578 469 2626 quando
494 2578 531 2617 B
652 2577 678 2617 9
711 2577 957 2617 obrubrant
980 2577 1015 2618 A
1137 2575 1190 2615 10
1223 2576 1408 2625 quando
1432 2575 1470 2615 Β
1585 2574 1633 2613 11
1671 2575 1849 2622 potiora
1871 2573 1909 2614 Β

285 2635 338 2675 12
372 2637 597 2686 contingit
627 2637 661 2677 A
818 2635 871 2675 14
903 2636 1102 2676 cruciatu
1133 2635 1168 2676 A
1261 2630 1430 2682 autem]
1463 2633 1585 2674 enim
1620 2627 1678 2674 C¹
1708 2644 1827 2674 corr.
1859 2633 1907 2673 in

227 2706 375 2745 mat-9.
411 2689 469 2736 C2
622 2695 675 2735 16
708 2697 823 2736 haec
853 2695 894 2736 P
923 2696 1012 2736 hoc
1043 2694 1130 2736 AC
1158 2697 1206 2735 et
1231 2695 1345 2745 post
1374 2694 1470 2733 init.
1501 2692 1539 2732 Β
1643 2692 1783 2732 habet
1812 2692 1851 2732 B

227 2753 278 2793 17
312 2754 557 2794 effectuum
589 2755 624 2795 A
750 2754 804 2794 19
838 2755 1118 2794 extrinsecus
1150 2754 1319 2794 habeat
1348 2753 1386 2792 Β
1468 2754 1579 2792 ante
1611 2755 1764 2791 tamen
1795 2751 1907 2792 add.

224 2816 269 2852 et
287 2811 325 2853 C
413 2813 464 2852 21
487 2815 624 2854 etiam
649 2825 835 2853 causam
853 2813 900 2853 M
931 2817 1055 2854 esset
1077 2823 1218 2853 causa
1233 2813 1272 2852 B
1361 2810 1535 2851 21—22
1560 2811 1682 2851 idem
1708 2810 1796 2859 ipsi
1820 2820 1907 2860 eyo

223 2872 271 2911 id
294 2875 366 2912 est
390 2873 479 2921 ipsi
505 2871 560 2919 O,
594 2883 719 2923 exsp.
746 2873 833 2912 sibi
859 2874 971 2921 ipsis
997 2869 1218 2921 (ἑαυτοῖς)
1351 2870 1408 2910 23
1439 2870 1528 2910 hoc
1552 2870 1593 2909 D
1715 2868 1772 2908 24
1803 2878 1908 2918 pro-

224 2930 432 2971 ficientes
457 2931 494 2970 B
867 2949 877 2957 ·
