1982 3172
332 122 416 168 DE
450 120 551 168 HIS
585 119 763 173 QUAE
797 118 963 167 SUNT
998 120 1062 167 IN
1096 117 1288 167 NOBIS
1324 118 1461 166 CAP.
1485 120 1566 165 XL
1688 119 1788 176 129

102 260 170 312 de
197 261 345 312 omni
378 266 503 311 actu
533 266 587 311 et
619 260 973 323 possessione
1005 265 1058 309 et
1087 264 1288 309 eventu
1318 257 1666 308 confundunt
1693 271 1785 306 ne-

102 336 342 387 cessario
384 336 669 385 rationem.
724 334 1162 397 perspicaciores
1204 339 1388 384 autem
1435 333 1787 394 scripturam-

101 423 206 473 que
243 410 298 459 in
343 409 749 460 cavillationem
790 408 1045 466 ferenteS,
1088 421 1228 471 quae
1268 408 1359 465 ait,
1400 403 1527 457 ‘non
1567 412 1695 456 sunt
1731 407 1785 455 in

99 484 322 535 homine
342 485 466 534 viae
494 480 632 534 eius'
659 489 718 534 ut
746 483 1064 546 peritissimi
1093 482 1295 540 dicunt,
1324 481 1607 544 quomodo
1631 480 1786 531 liberi

56 573 79 607 5
101 559 310 610 arbitrii
343 564 427 609 est
464 558 647 616 hom0,
685 572 807 608 cum
844 571 956 608 non
995 558 1101 608 sint
1138 558 1191 606 in
1227 557 1350 620 ipso
1383 557 1507 606 viae
1545 556 1703 606 eius?
1734 562 1787 605 et

100 630 295 684 ‘vanae
338 639 463 684 sunt
510 632 956 684 ratiocinationes
998 628 1304 682 hominum'
1349 637 1630 694 tamquam
1675 643 1786 680 non

100 708 413 759 valentibus
440 707 600 758 nobis
632 707 703 757 ad
735 721 878 769 opus
913 706 1176 765 conferre,
1211 719 1351 769 quae
1383 706 1786 768 cognoscimus,

100 788 154 833 et
176 782 340 833 huius
368 781 519 832 modi
548 781 722 832 multa
751 781 939 832 dicunt
967 782 1303 844 ignoranteS,
1333 779 1615 843 quomodo
1642 779 1787 829 dica·

102 864 188 908 tur
233 857 463 907 liberum
510 857 811 907 arbitrium.
868 856 991 906 Non
1039 857 1183 906 enim
1231 855 1457 906 divitem
1504 854 1626 904 fieri
1671 855 1787 904 sive

37 945 79 979 ιο
103 944 402 994 pauperem
431 931 547 981 sive
578 944 645 981 ex
675 936 793 981 toto
827 944 1022 980 sanum
1054 943 1177 980 esse
1207 929 1295 980 vel
1325 928 1524 980 fortem
1552 942 1673 979 esse
1707 942 1789 978 se-

103 1005 342 1056 cundum
375 1011 630 1055 naturam
669 1006 785 1055 sive
822 1005 1133 1068 principari,
1173 1005 1291 1054 sive
1327 1004 1552 1054 omnino
1587 1004 1789 1053 instru-

101 1079 422 1131 mentalium
445 1080 533 1130 vel
563 1080 851 1138 bonorum,
882 1094 1022 1143 quae
1053 1079 1322 1138 dicuntur,
1353 1080 1787 1142 contingentium

101 1154 190 1204 vel
234 1155 620 1217 accipientium
668 1153 839 1204 finem
886 1153 1189 1204 secundum
1238 1153 1645 1215 providentiam
1693 1166 1789 1214 po-

106 1234 359 1280 testatem
395 1228 679 1286 habemuS‚
720 1227 818 1279 sed
856 1242 1045 1279 earum
1085 1229 1380 1286 actionum,
1421 1241 1561 1290 quae
1601 1240 1792 1277 secun-

39 1317 82 1351 15
106 1303 238 1352 dum
274 1302 604 1366 probitatem
645 1309 772 1354 sunt
807 1309 861 1353 et
897 1303 1109 1361 vitium,
1147 1308 1200 1353 et
1238 1302 1703 1364 praeelectionum
1738 1308 1792 1352 et

106 1383 356 1428 motuum
396 1383 451 1428 et
491 1377 704 1436 horum,
748 1391 887 1440 quae
932 1383 1059 1428 sunt
1102 1377 1421 1428 utrumlibet
1463 1382 1516 1427 et
1557 1390 1791 1439 quorum

107 1453 367 1516 opposita
395 1466 559 1516 agere
594 1467 908 1515 possumuS,
944 1453 1041 1503 sed
1077 1454 1206 1515 quia
1238 1467 1400 1503 omne
1431 1467 1574 1515 opus
1604 1466 1793 1515 praee-

106 1526 267 1577 lectio
311 1526 606 1589 praecedit‚
651 1540 763 1577 non
808 1527 988 1577 solum
1035 1532 1205 1584 actus,
1252 1526 1349 1577 sed
1395 1527 1559 1577 etiam
1605 1539 1792 1588 praee-

106 1600 268 1651 lectio
297 1601 399 1652 sub
431 1601 640 1652 iustitia
671 1608 870 1652 manet.
915 1600 979 1651 Et
1010 1601 1116 1651 hoc
1148 1606 1300 1664 patet
1328 1602 1382 1651 in
1410 1600 1792 1664 euangelio

38 1689 84 1724 zo
107 1676 207 1726 sic:
268 1674 600 1738 „Inspiciens
660 1675 946 1726 mulierem
1005 1676 1076 1726 ad
1123 1675 1626 1738 concupiscendum
1670 1688 1791 1726 eam

104 1749 425 1800 moechatus
451 1755 535 1800 est
566 1763 687 1800 eam
719 1751 774 1799 in
807 1750 973 1800 corde
1006 1750 1155 1800 su0.“
1200 1749 1264 1801 Et
1292 1749 1388 1800 Iob
1416 1764 1516 1812 pro
1551 1751 1789 1812 peccatis

105 1824 303 1874 mentis
335 1823 579 1874 filiorum
617 1838 843 1875 suorum
879 1824 1187 1875 immolavit
1223 1825 1345 1875 dec.
1393 1824 1611 1875 Initium
1646 1825 1790 1875 enim

107 1898 290 1949 delicti
330 1900 624 1962 operisque
663 1901 793 1951 iusti
834 1906 917 1951 est
959 1901 1303 1963 praeelectio.
1356 1900 1513 1963 Opus
1551 1915 1790 1963 namque

105 1972 439 2035 quandoque
467 1974 798 2035 permittitur
829 1987 862 2023 a
893 1974 1257 2036 providentia,
1292 1974 1626 2036 quandoque
1657 1987 1790 2024 vero

37 2061 83 2097 z
106 2047 427 2098 retunditur.
466 2047 607 2097 Nam
638 2049 906 2099 existente
934 2062 1018 2107 eo,
1051 2049 1200 2111 quod
1233 2050 1286 2098 in
1317 2050 1493 2107 nobis,
1521 2050 1788 2099 existente

105 2123 269 2172 etiam
285 2127 338 2172 et
354 2124 716 2185 praescientia
730 2137 954 2175 necesse
969 2130 1053 2175 est
1069 2125 1372 2175 secundum
1388 2130 1635 2188 utraque,
1653 2138 1793 2187 quae

107 2194 265 2253 fiunt,
288 2195 431 2246 fieris
465 2195 520 2246 Si
548 2197 692 2246 enim
722 2197 1024 2247 secundum
1053 2198 1285 2249 alterum
1315 2197 1669 2249 solummodo
1693 2197 1792 2248 fie-

183 2361 296 2401 1—2
329 2363 589 2402 necessaria
623 2361 660 2403 C
764 2362 790 2402 2
821 2363 1233 2413 scripturarumque
1266 2363 1299 2403 A
1421 2362 1447 2402 4
1480 2363 1669 2404 nomine
1700 2363 1735 2403 A
1783 2385 1785 2387 -

107 2419 222 2460 4-5
254 2423 374 2461 ut—
394 2421 493 2462 eius
526 2433 615 2462 om.
640 2422 677 2462 Β
776 2422 802 2462 5
835 2419 955 2472 ipso]
989 2434 1048 2463 eo
1072 2423 1107 2464 A
1209 2423 1235 2462 6
1267 2423 1359 2462 sint
1382 2423 1416 2463 A
1511 2422 1626 2462 6-7
1660 2422 1796 2463 nobis

107 2491 196 2520 om.
220 2479 262 2520 D
293 2481 341 2521 ἰη
374 2491 523 2531 mary.
550 2483 662 2522 ante
694 2485 925 2532 tamquam
957 2483 1112 2533 suppl.
1141 2476 1198 2523 (5³
1313 2482 1337 2521 7
1368 2492 1488 2531 quae
1520 2481 1566 2522 M
1598 2483 1734 2522 etiam
1760 2482 1798 2522 B

167 2538 195 2579 9
225 2537 340 2589 sive]
372 2541 446 2581 vel
478 2540 562 2581 AB
671 2541 724 2581 10
757 2551 862 2581 esse
894 2553 983 2583 om.
1015 2542 1054 2582 B
1163 2541 1210 2581 11
1248 2542 1346 2581 sive
1380 2541 1623 2591 principari
1656 2542 1696 2583 Ρ
1724 2542 1797 2582 vel

109 2598 350 2648 principari
382 2600 416 2640 A
451 2611 540 2641 om.
568 2599 649 2642 CB
763 2600 816 2640 12
850 2602 1167 2651 contingentia
1198 2602 1232 2642 A
1348 2601 1402 2640 14
1434 2612 1555 2650 quae
1587 2613 1676 2642 om.
1701 2602 1739 2642 Β

112 2656 284 2698 15—16
317 2659 700 2707 praeelectionem
734 2663 780 2701 et
811 2663 982 2701 motum
1008 2664 1054 2700 et
1077 2671 1234 2701 eorum
1259 2661 1297 2701 Β
1390 2660 1443 2700 17
1477 2661 1559 2703 sed
1584 2662 1672 2702 del.
1698 2662 1798 2702 vult

108 2716 180 2757 Ηο
212 2718 312 2757 εἰπε
343 2729 504 2768 causa,
543 2720 600 2771 cf.
633 2715 733 2758 ἐπεὶ
764 2715 814 2758 δὲ
843 2731 933 2770 pro
965 2715 1123 2770 ἐπειδὴ
1157 2719 1238 2759 FD
1272 2723 1319 2761 et
1349 2731 1450 2760 cum
1484 2724 1635 2761 autem
1675 2721 1736 2762 Va

113 2775 166 2815 18
199 2777 366 2825 praeel.
399 2779 631 2826 praecedit
663 2781 845 2829 transp.
878 2779 912 2820 A
1039 2779 1093 2819 19
1125 2780 1211 2819 sub
1244 2791 1332 2820 om.
1364 2780 1399 2820 A
1441 2783 1444 2786 '
1523 2779 1579 2820 22
1613 2778 1794 2830 mentis]

109 2835 204 2875 suis
236 2846 375 2876 unum
408 2836 443 2877 A
633 2838 688 2879 23
727 2832 842 2889 que¹
873 2850 962 2879 om.
994 2840 1028 2880 A
1182 2842 1252 2879 est
1284 2839 1452 2889 praeel.
1486 2842 1668 2891 transp.
1701 2841 1735 2881 A

111 2893 166 2934 24
199 2896 518 2943 praevidentia*
542 2898 581 2939 Ρ
639 2909 747 2939 vero
780 2910 869 2938 om.
901 2898 935 2938 A
1060 2898 1115 2938 25
1145 2901 1258 2949 post
1289 2899 1424 2940 nobis
1456 2900 1567 2941 add.
1601 2893 1678 2940 est·
1701 2901 1739 2941 B

110 2953 165 2993 26
198 2957 244 2994 et
275 2966 364 2996 om.
395 2955 434 2996 B
525 2958 829 3006 praescientia
862 2954 923 3006 (ci
956 2959 1121 3009 suppl.¹
1143 2970 1201 3000 m.
1236 2957 1356 3009 rub.)
1511 2959 1565 2999 27
1600 2960 1728 2999 fieret
1761 2960 1794 3000 A

198 3030 369 3066 Nemes.
397 3032 450 3066 ab
476 3031 633 3068 Alfano
661 3035 805 3069 transl.
835 3034 899 3068 ed.
930 3035 1149 3070 Burkhard
1504 3034 1530 3074 9

1833 1610 1884 1650 10

1830 1835 1877 1874 11
