1982 3172
238 132 307 180 98
591 123 858 169 -NEMESII
891 121 1207 169 PREMNON
1241 122 1566 171 PHYSICON

240 260 435 318 hendo,
460 261 759 323 opponitur
787 259 1022 310 afflictio
1049 261 1103 309 in
1134 260 1396 317 sitiendo;
1424 262 1472 311 ei
1500 275 1647 319 vero,
1672 276 1811 324 quae
1835 269 1918 313 est

239 334 542 384 secundum
565 333 1102 397 contemplationem,
1130 334 1263 384 nihil
1291 337 1605 396 opponitur.
1643 335 1794 387 Haec
1818 337 1918 387 ita·
1950 356 1954 359 ¹

179 419 204 458 5
238 422 341 470 que
357 409 542 458 omnia
558 406 858 458 ostendunt
872 407 1292 460 delectationem
1304 409 1682 472 aequivocam.
1720 410 1918 462 Earum

236 496 367 533 vero
395 481 822 533 delectationum
853 481 994 532 aliae
1024 487 1150 533 sunt
1179 484 1522 534 necessariae
1553 484 1715 534 simul
1743 491 1798 536 et
1822 499 1917 535 na-

235 556 457 614 turaleS‚
502 557 621 606 sine
665 556 864 618 quibus
906 555 1094 606 vivere
1140 562 1223 608 est
1282 556 1639 619 impossibile,
1698 563 1758 609 ut
1811 558 1923 609 cibi
1964 577 1982 610 5

178 641 203 680 o
237 630 576 692 indigentiae
619 630 870 692 repletivi
913 636 969 681 et
1013 630 1335 682 indumenta
1379 633 1703 682 necessaria.
1757 632 1915 683 Aliae

235 718 366 754 vero
403 704 684 755 naturales
727 704 965 767 quidem,
1006 704 1102 755 sed
1142 719 1253 773 non
1292 706 1635 756 necessariae
1673 711 1734 757 ut
1770 720 1915 758 com·

234 779 543 836 mixtioneS,
570 792 713 841 quae
741 778 885 830 fiunt
914 779 1216 829 secundum
1247 785 1499 830 naturam
1528 786 1583 831 et
1612 776 1912 831 secundum

234 854 427 915 legem.
479 852 622 903 Istae
653 866 891 915 namque
922 853 995 903 ad
1030 855 1464 916 permanentiam
1497 855 1666 905 totius
1697 855 1913 917 generis

234 926 609 989 perficiuntur,
652 926 749 977 sed
794 927 1058 989 possibile
1098 933 1183 978 est
1223 928 1389 978 etiam
1433 929 1549 979 sine
1589 928 1676 979 his
1712 928 1769 979 in
1805 930 1977 979 vir-1(

177 1013 199 1052 7
233 1001 463 1064 ginitate
500 1002 702 1052 vivere.
754 1001 912 1051 Aliae
953 1015 1084 1052 vero
1127 1015 1228 1052 nec
1266 1003 1609 1053 necessariae
1650 1009 1915 1054 suntnec

231 1075 512 1126 naturales
540 1082 600 1126 ut
631 1076 868 1127 ebrietas
899 1081 954 1126 et
986 1075 1319 1126 adulterium
1350 1083 1405 1127 et
1436 1076 1767 1140 repletiones
1798 1077 1912 1127 suf-

232 1149 530 1200 ficientiam
559 1149 1042 1212 transgredientes.
1086 1149 1278 1213 Neque
1308 1151 1452 1200 enim
1484 1150 1557 1201 ad
1590 1164 1909 1214 permanen·

231 1225 362 1274 tiam
387 1224 604 1286 generis
633 1224 793 1274 nobis
823 1225 1147 1287 contingunt
1176 1230 1237 1275 ut
1266 1224 1569 1275 secundum
1598 1224 1776 1288 legem
1803 1226 1911 1276 coi-

229 1305 333 1356 tus,
357 1311 536 1361 neque
565 1297 636 1347 ad
667 1299 1081 1349 consistentiam
1111 1298 1272 1356 vitae,
1303 1298 1400 1348 sed
1428 1299 1613 1360 potius
1639 1298 1908 1349 afficiunt.
1939 1316 1972 1349 ιε

172 1384 197 1423 8
231 1372 544 1423 Secundum
580 1371 743 1423 deum
781 1373 947 1435 igitur
981 1373 1189 1423 viventi
1227 1386 1323 1435 per
1361 1373 1509 1423 solas
1544 1372 1909 1436 gradiendum

229 1452 311 1497 est
342 1447 683 1497 necessarias
722 1446 883 1497 simul
917 1453 972 1497 et
1007 1446 1286 1498 naturales
1325 1447 1732 1498 delectationes
1777 1447 1910 1498 Post

228 1522 373 1571 hunc
400 1527 584 1571 autem
618 1522 672 1570 in
707 1520 950 1571 secundo
985 1521 1178 1571 ordine
1209 1522 1474 1572 virtutum
1508 1521 1780 1584 disposito
1812 1535 1908 1584 per

228 1596 327 1645 has
355 1595 576 1658 quidem
607 1600 661 1645 et
690 1594 986 1653 naturaleS,
1019 1594 1116 1646 sed
1147 1609 1257 1645 non
1287 1595 1626 1646 necessarias
1653 1595 1907 1646 inceden-

230 1670 360 1719 dum
403 1683 525 1719 cum
571 1669 916 1720 convenienti
958 1668 1126 1719 modo
1171 1675 1224 1720 et
1266 1682 1524 1719 mensura
1564 1674 1619 1720 et
1659 1675 1906 1732 tempore
1932 1672 1978 1720 21<

171 1755 195 1793 9
228 1750 279 1794 et
310 1744 446 1794 loco.
486 1743 645 1793 'Alias
677 1757 809 1793 vero
846 1749 1060 1805 praeter
1092 1743 1193 1793 has
1224 1757 1336 1793 non
1365 1743 1794 1794 existimandum
1824 1750 1907 1795 est

228 1831 351 1868 esse
392 1818 567 1868 bonas
616 1817 1007 1868 delectationes
1051 1831 1151 1868 nec
1196 1817 1514 1880 complexas
1559 1817 1780 1880 quidem
1825 1817 1906 1868 af-

228 1891 460 1942 flictioni
481 1905 582 1942 nec
607 1892 918 1954 ingerentes
945 1892 1337 1954 paenitentiam
1363 1905 1465 1942 nec
1490 1891 1751 1942 laesionis
1765 1891 1906 1942 alius
1946 1909 1949 1912 ⁴

228 1966 576 2028 generativas
603 1979 703 2016 nec
732 1978 1021 2015 mensurae
1053 1966 1343 2016 terminum
1376 1965 1699 2028 recipientes
1729 1979 1906 2028 neque

228 2054 330 2090 nos
372 2039 709 2091 attrahentes
753 2040 824 2090 ad
868 2039 1129 2102 religiosa
1172 2054 1341 2103 opera
1383 2040 1472 2090 vel
1532 2040 1904 2103 subiugantes.
1932 2055 1966 2090 a·

144 2124 196 2166 10
229 2114 337 2164 Sed
369 2115 592 2177 proprie
625 2120 752 2164 sunt
785 2113 1192 2172 delectationeS,
1229 2127 1369 2177 quae
1403 2115 1662 2164 scientiae
1693 2114 1823 2164 boni
1853 2119 1906 2164 et

231 2187 535 2251 disciplinis
573 2194 626 2238 et
664 2187 960 2239 virtutibus
1001 2189 1324 2251 contingunt
1364 2187 1780 2251 quomodolibet
1818 2187 1906 2238 vel
1979 2252 1982 2253 ⁷

303 2295 329 2333 4
358 2297 471 2345 post
503 2295 590 2334 del.
624 2296 794 2334 desunt
826 2305 945 2343 quae
978 2298 1198 2334 vocantur
1222 2295 1480 2343 corporales
1513 2290 1804 2344 ((ωματικῶν
1829 2303 1907 2331 κα·

227 2350 487 2404 λουμένων)
610 2353 636 2393 8
669 2356 874 2393 naturam
900 2356 945 2393 et
969 2350 1239 2402 secundum]
1274 2353 1523 2393 naturalem
1554 2353 1592 2393 B
1714 2351 1768 2392 14
1796 2355 1909 2403 post

228 2417 276 2452 ut
307 2414 418 2453 add.
450 2423 545 2453 non
576 2413 614 2453 B
732 2413 837 2462 lege
868 2407 928 2455 Ρ1
958 2424 1078 2454 corr.
1110 2406 1169 2453 1²⁸
1284 2413 1399 2463 post
1428 2412 1575 2452 coitus
1606 2412 1717 2452 add.
1751 2412 1907 2452 mixtio

228 2467 286 2512 Ρ1
318 2473 406 2513 del.
439 2466 499 2513 12³
696 2471 749 2511 15
782 2472 936 2521 potius
969 2471 1178 2512 officiunt
1210 2468 1312 2520 (sed
1344 2482 1372 2511 o
1404 2472 1451 2511 ἰη
1484 2472 1586 2511 loco
1620 2481 1785 2511 erasae
1816 2471 1907 2511 litt.

229 2534 280 2571 ut
312 2532 404 2572 vid.
437 2542 465 2571 a
495 2543 554 2572 m.
586 2528 631 2581 3)
664 2531 703 2571 Ρ
733 2533 915 2582 trans-p.
947 2531 982 2572 A
1109 2531 1162 2570 16
1195 2527 1348 2579 deum]
1382 2531 1471 2570 hoc
1502 2529 1536 2570 A
1609 2531 1781 2570 viventi
1814 2525 1908 2579 (viv

228 2601 346 2630 corr.
379 2603 437 2631 m.
468 2595 507 2640 2,
540 2592 654 2641 quid
686 2592 829 2631 antea
861 2591 1016 2641 faerit,
1049 2587 1295 2640 incertum)
1327 2590 1367 2630 P
1500 2588 1552 2628 17
1586 2589 1838 2629 naturalem
1871 2588 1905 2629 A
1980 2606 1982 2609 ·

288 2648 343 2688 20
376 2660 464 2689 con
492 2652 607 2701 post
637 2661 739 2690 cum
773 2661 862 2690 om.
894 2650 928 2690 A
1098 2649 1149 2689 21
1181 2650 1295 2700 post
1323 2659 1431 2688 vero
1464 2648 1509 2688 d.
1541 2649 1571 2688 i.
1605 2659 1646 2688 υ.
1678 2643 1907 2697 φευκτέον
1980 2691 1982 2695 ,

227 2705 364 2745 παντὶ
394 2704 555 2760 τρόπῳ
828 2708 1001 2748 21-22
1035 2711 1104 2749 est
1135 2709 1282 2748 bonas
1316 2707 1402 2748 del.
1435 2717 1540 2747 esse
1570 2707 1651 2747 PA
1685 2704 1752 2756 (h.
1784 2703 1848 2756 ο.)
1978 2704 1982 2725 ”

228 2766 283 2806 22
316 2767 603 2816 complexam
634 2768 672 2807 Β
821 2767 878 2808 23
909 2768 1047 2807 alium
1078 2768 1116 2808 B
1147 2767 1337 2807 alicuius
1367 2765 1403 2807 A
1555 2765 1611 2806 24
1639 2767 1752 2817 post
1781 2769 1907 2806 term.

227 2826 337 2866 add.
370 2835 465 2867 non
495 2826 533 2867 Β
584 2862 587 2869 1
742 2826 797 2866 25
829 2827 1122 2868 adtrahentes
1152 2827 1190 2866 B
1219 2825 1449 2866 trahentes
1481 2819 1539 2866 Ρ1
1571 2825 1818 2878 ttrahentes
1848 2818 1908 2866 Α1

227 2895 345 2925 corr.
378 2878 584 2933 P2-³A²‚·
613 2887 725 2936 post
757 2886 844 2926 hoc
875 2887 919 2926 d.
955 2887 982 2926 ι’.
1016 2897 1055 2926 υ.
1090 2882 1163 2924 ἐπὶ
1193 2880 1311 2923 πολὺ
1584 2883 1638 2924 27
1670 2883 1907 2924 virtutibus

226 2944 439 2994 duplicat
472 2944 503 2984 A
