<?xml version="1.0" encoding="UTF-8"?>
<!DOCTYPE html PUBLIC "-//W3C//DTD XHTML 1.0 Transitional//EN"
    "http://www.w3.org/TR/xhtml1/DTD/xhtml1-transitional.dtd">
<html xmlns="http://www.w3.org/1999/xhtml" xml:lang="en" lang="en">
 <head>
  <title>
</title>
<meta http-equiv="Content-Type" content="text/html;charset=utf-8" />
  <meta name='ocr-system' content='tesseract 3.04.00' />
  <meta name='ocr-capabilities' content='ocr_page ocr_carea ocr_par ocr_line ocrx_word'/>
</head>
<body>
  <div class='ocr_page' id='page_1' title='image "./nemesiiepiscopip00nemeuoft_0060.png"; bbox 0 0 1982 3172; ppageno 0'>
   <div class='ocr_carea' id='block_1_1' title="bbox 95 701 155 740">
    <p class='ocr_par' dir='ltr' id='par_1_1' title="bbox 95 701 155 740">
     <span class='ocr_line' id='line_1_1' title="bbox 95 701 155 740; baseline 0 0"><span class='ocrx_word' id='word_1_1' title='bbox 95 701 155 740; x_wconf 82' lang='lat'>87</span> 
     </span>
    </p>
   </div>
   <div class='ocr_carea' id='block_1_2' title="bbox 95 1592 150 1632">
    <p class='ocr_par' dir='ltr' id='par_1_2' title="bbox 95 1592 150 1632">
     <span class='ocr_line' id='line_1_2' title="bbox 95 1592 150 1632; baseline 0.018 -1"><span class='ocrx_word' id='word_1_2' title='bbox 95 1592 150 1632; x_wconf 91' lang='grc'>88</span> 
     </span>
    </p>
   </div>
   <div class='ocr_carea' id='block_1_3' title="bbox 191 110 1523 167">
    <p class='ocr_par' dir='ltr' id='par_1_3' title="bbox 191 110 1523 167">
     <span class='ocr_line' id='line_1_3' title="bbox 191 110 1523 167; baseline -0.001 -10"><span class='ocrx_word' id='word_1_3' title='bbox 191 118 261 167; x_wconf 84' lang='grc'>44</span> <span class='ocrx_word' id='word_1_4' title='bbox 559 111 816 157; x_wconf 88' lang='lat' dir='ltr'>NEMESII</span> <span class='ocrx_word' id='word_1_5' title='bbox 849 110 1165 156; x_wconf 87' lang='lat' dir='ltr'>PREMNON</span> <span class='ocrx_word' id='word_1_6' title='bbox 1198 110 1523 158; x_wconf 89' lang='lat' dir='ltr'>PHYSICON</span> 
     </span>
    </p>
   </div>
   <div class='ocr_carea' id='block_1_4' title="bbox 180 247 1941 2092">
    <p class='ocr_par' dir='ltr' id='par_1_4' title="bbox 180 247 1941 2092">
     <span class='ocr_line' id='line_1_4' title="bbox 191 247 1870 311; baseline 0.001 -14"><span class='ocrx_word' id='word_1_7' title='bbox 191 249 461 298; x_wconf 90' lang='lat' dir='ltr'>rationem</span> <span class='ocrx_word' id='word_1_8' title='bbox 500 249 576 298; x_wconf 89' lang='lat' dir='ltr'>ait</span> <span class='ocrx_word' id='word_1_9' title='bbox 616 263 648 297; x_wconf 91' lang='lat' dir='ltr'>a</span> <span class='ocrx_word' id='word_1_10' title='bbox 689 249 866 310; x_wconf 90' lang='lat' dir='ltr'>primo</span> <span class='ocrx_word' id='word_1_11' title='bbox 907 248 1128 297; x_wconf 89' lang='lat' dir='ltr'>homine</span> <span class='ocrx_word' id='word_1_12' title='bbox 1170 248 1223 296; x_wconf 91' lang='lat' dir='ltr'>in</span> <span class='ocrx_word' id='word_1_13' title='bbox 1265 261 1471 306; x_wconf 86' lang='lat' dir='ltr'>omneS‚</span> <span class='ocrx_word' id='word_1_14' title='bbox 1507 249 1599 311; x_wconf 92' lang='lat' dir='ltr'>qui</span> <span class='ocrx_word' id='word_1_15' title='bbox 1640 254 1767 299; x_wconf 89' lang='lat' dir='ltr'>sunt</span> <span class='ocrx_word' id='word_1_16' title='bbox 1801 247 1870 298; x_wconf 91' lang='lat' dir='ltr'>ab</span> 
     </span>
     <span class='ocr_line' id='line_1_5' title="bbox 191 322 1870 384; baseline 0.001 -13"><span class='ocrx_word' id='word_1_17' title='bbox 191 323 330 384; x_wconf 91' lang='lat' dir='ltr'>ipso,</span> <span class='ocrx_word' id='word_1_18' title='bbox 384 322 536 373; x_wconf 90' lang='lat' dir='ltr'>velut</span> <span class='ocrx_word' id='word_1_19' title='bbox 591 328 645 372; x_wconf 87' lang='lat' dir='ltr'>et</span> <span class='ocrx_word' id='word_1_20' title='bbox 701 335 901 384; x_wconf 91' lang='lat' dir='ltr'>corpus</span> <span class='ocrx_word' id='word_1_21' title='bbox 941 328 994 372; x_wconf 92' lang='lat' dir='ltr'>et</span> <span class='ocrx_word' id='word_1_22' title='bbox 1035 335 1212 384; x_wconf 83' lang='lat' dir='ltr'>neque</span> <span class='ocrx_word' id='word_1_23' title='bbox 1254 323 1622 383; x_wconf 83' lang='lat' dir='ltr'>praeexistere</span> <span class='ocrx_word' id='word_1_24' title='bbox 1657 323 1870 373; x_wconf 91' lang='lat' dir='ltr'>animas</span> 
     </span>
     <span class='ocr_line' id='line_1_6' title="bbox 190 396 1871 459; baseline 0.001 -14"><span class='ocrx_word' id='word_1_25' title='bbox 190 411 366 459; x_wconf 86' lang='lat' dir='ltr'>neque</span> <span class='ocrx_word' id='word_1_26' title='bbox 423 397 591 447; x_wconf 91' lang='lat' dir='ltr'>modo</span> <span class='ocrx_word' id='word_1_27' title='bbox 650 397 835 446; x_wconf 88' lang='lat' dir='ltr'>creari.</span> <span class='ocrx_word' id='word_1_28' title='bbox 868 408 871 413; x_wconf 85' lang='lat'>·</span> <span class='ocrx_word' id='word_1_29' title='bbox 904 396 1052 446; x_wconf 90' lang='lat' dir='ltr'>Haec</span> <span class='ocrx_word' id='word_1_30' title='bbox 1107 409 1344 458; x_wconf 92' lang='lat' dir='ltr'>namque</span> <span class='ocrx_word' id='word_1_31' title='bbox 1388 396 1630 447; x_wconf 88' lang='lat' dir='ltr'>dicentes</span> <span class='ocrx_word' id='word_1_32' title='bbox 1673 410 1871 459; x_wconf 91' lang='lat' dir='ltr'>coope-</span> 
     </span>
     <span class='ocr_line' id='line_1_7' title="bbox 192 470 1867 533; baseline 0 -12"><span class='ocrx_word' id='word_1_33' title='bbox 192 477 427 521; x_wconf 90' lang='lat' dir='ltr'>ratorem</span> <span class='ocrx_word' id='word_1_34' title='bbox 462 470 672 520; x_wconf 84' lang='lat' dir='ltr'>faciunt</span> <span class='ocrx_word' id='word_1_35' title='bbox 709 470 872 520; x_wconf 91' lang='lat' dir='ltr'>deum</span> <span class='ocrx_word' id='word_1_36' title='bbox 909 470 1168 527; x_wconf 92' lang='lat' dir='ltr'>moechis,</span> <span class='ocrx_word' id='word_1_37' title='bbox 1206 484 1328 520; x_wconf 93' lang='lat' dir='ltr'>cum</span> <span class='ocrx_word' id='word_1_38' title='bbox 1362 484 1432 520; x_wconf 88' lang='lat' dir='ltr'>ex</span> <span class='ocrx_word' id='word_1_39' title='bbox 1464 470 1549 520; x_wconf 92' lang='lat' dir='ltr'>his</span> <span class='ocrx_word' id='word_1_40' title='bbox 1582 471 1736 533; x_wconf 92' lang='lat' dir='ltr'>pueri</span> <span class='ocrx_word' id='word_1_41' title='bbox 1772 485 1867 521; x_wconf 91' lang='lat' dir='ltr'>na-</span> 
     </span>
     <span class='ocr_line' id='line_1_8' title="bbox 188 544 1940 607; baseline 0.001 -13"><span class='ocrx_word' id='word_1_42' title='bbox 188 551 426 602; x_wconf 91' lang='lat' dir='ltr'>scuntur,</span> <span class='ocrx_word' id='word_1_43' title='bbox 462 551 514 594; x_wconf 91' lang='lat' dir='ltr'>et</span> <span class='ocrx_word' id='word_1_44' title='bbox 551 546 652 594; x_wconf 83' lang='lat' dir='ltr'>erit</span> <span class='ocrx_word' id='word_1_45' title='bbox 690 544 909 601; x_wconf 84' lang='lat' dir='ltr'>falsum,</span> <span class='ocrx_word' id='word_1_46' title='bbox 949 544 1097 606; x_wconf 91' lang='lat' dir='ltr'>quod</span> <span class='ocrx_word' id='word_1_47' title='bbox 1135 546 1234 594; x_wconf 88' lang='lat' dir='ltr'>ait:</span> <span class='ocrx_word' id='word_1_48' title='bbox 1270 544 1587 607; x_wconf 87' lang='lat' dir='ltr'>„Requievit</span> <span class='ocrx_word' id='word_1_49' title='bbox 1620 545 1756 595; x_wconf 90' lang='lat' dir='ltr'>deus</span> <span class='ocrx_word' id='word_1_50' title='bbox 1794 545 1863 595; x_wconf 92' lang='lat' dir='ltr'>ab</span> <span class='ocrx_word' id='word_1_51' title='bbox 1916 549 1940 584; x_wconf 90' lang='lat'><strong>⁵</strong></span> 
     </span>
     <span class='ocr_line' id='line_1_9' title="bbox 189 619 1868 681; baseline 0 -13"><span class='ocrx_word' id='word_1_52' title='bbox 189 619 444 669; x_wconf 93' lang='lat' dir='ltr'>omnibus</span> <span class='ocrx_word' id='word_1_53' title='bbox 491 619 752 681; x_wconf 91' lang='lat' dir='ltr'>operibus</span> <span class='ocrx_word' id='word_1_54' title='bbox 801 619 961 676; x_wconf 91' lang='lat' dir='ltr'>suis‚“</span> <span class='ocrx_word' id='word_1_55' title='bbox 1010 620 1055 668; x_wconf 93' lang='lat' dir='ltr'>si</span> <span class='ocrx_word' id='word_1_56' title='bbox 1102 620 1298 669; x_wconf 90' lang='lat' dir='ltr'>iterum</span> <span class='ocrx_word' id='word_1_57' title='bbox 1346 625 1399 669; x_wconf 91' lang='lat' dir='ltr'>et</span> <span class='ocrx_word' id='word_1_58' title='bbox 1446 619 1615 669; x_wconf 92' lang='lat' dir='ltr'>modo</span> <span class='ocrx_word' id='word_1_59' title='bbox 1655 620 1868 669; x_wconf 90' lang='lat' dir='ltr'>animas</span> 
     </span>
     <span class='ocr_line' id='line_1_10' title="bbox 190 692 1871 756; baseline 0 -13"><span class='ocrx_word' id='word_1_60' title='bbox 190 699 349 743; x_wconf 86' lang='lat' dir='ltr'>creat.</span> <span class='ocrx_word' id='word_1_61' title='bbox 394 692 502 743; x_wconf 89' lang='lat' dir='ltr'>Sed</span> <span class='ocrx_word' id='word_1_62' title='bbox 538 694 665 755; x_wconf 92' lang='lat' dir='ltr'>quia</span> <span class='ocrx_word' id='word_1_63' title='bbox 700 694 899 750; x_wconf 90' lang='lat' dir='ltr'>omnia,</span> <span class='ocrx_word' id='word_1_64' title='bbox 934 707 1073 755; x_wconf 90' lang='lat' dir='ltr'>quae</span> <span class='ocrx_word' id='word_1_65' title='bbox 1107 699 1408 743; x_wconf 90' lang='lat' dir='ltr'>nascuntur</span> <span class='ocrx_word' id='word_1_66' title='bbox 1441 707 1538 755; x_wconf 91' lang='lat' dir='ltr'>per</span> <span class='ocrx_word' id='word_1_67' title='bbox 1563 694 1871 756; x_wconf 86' lang='lat' dir='ltr'>generatio-</span> 
     </span>
     <span class='ocr_line' id='line_1_11' title="bbox 187 764 1870 831; baseline 0.001 -15"><span class='ocrx_word' id='word_1_68' title='bbox 187 782 311 817; x_wconf 90' lang='lat' dir='ltr'>nem</span> <span class='ocrx_word' id='word_1_69' title='bbox 337 768 769 830; x_wconf 84' lang='lat' dir='ltr'>uniuscuiusque</span> <span class='ocrx_word' id='word_1_70' title='bbox 798 768 1021 818; x_wconf 90' lang='lat' dir='ltr'>seminis</span> <span class='ocrx_word' id='word_1_71' title='bbox 1049 768 1416 818; x_wconf 90' lang='lat' dir='ltr'>ostenduntur</span> <span class='ocrx_word' id='word_1_72' title='bbox 1440 767 1695 818; x_wconf 90' lang='lat' dir='ltr'>mortalia</span> <span class='ocrx_word' id='word_1_73' title='bbox 1723 764 1870 831; x_wconf 89' lang='lat' dir='ltr'>(ideo</span> 
     </span>
     <span class='ocr_line' id='line_1_12' title="bbox 189 841 1872 904; baseline 0.001 -13"><span class='ocrx_word' id='word_1_74' title='bbox 189 843 333 891; x_wconf 89' lang='lat' dir='ltr'>enirn</span> <span class='ocrx_word' id='word_1_75' title='bbox 360 848 625 904; x_wconf 86' lang='lat' dir='ltr'>generant</span> <span class='ocrx_word' id='word_1_76' title='bbox 653 848 706 892; x_wconf 93' lang='lat' dir='ltr'>et</span> <span class='ocrx_word' id='word_1_77' title='bbox 733 848 1078 904; x_wconf 83' lang='lat' dir='ltr'>generantur,</span> <span class='ocrx_word' id='word_1_78' title='bbox 1106 848 1165 891; x_wconf 91' lang='lat' dir='ltr'>ut</span> <span class='ocrx_word' id='word_1_79' title='bbox 1194 841 1631 904; x_wconf 88' lang='lat' dir='ltr'>corruptibilium</span> <span class='ocrx_word' id='word_1_80' title='bbox 1659 855 1872 904; x_wconf 91' lang='lat' dir='ltr'>perma-</span> 
     </span>
     <span class='ocr_line' id='line_1_13' title="bbox 188 913 1941 979; baseline 0.001 -14"><span class='ocrx_word' id='word_1_81' title='bbox 188 922 315 966; x_wconf 82' lang='lat' dir='ltr'>neat</span> <span class='ocrx_word' id='word_1_82' title='bbox 344 913 559 979; x_wconf 87' lang='lat' dir='ltr'>genus)‚</span> <span class='ocrx_word' id='word_1_83' title='bbox 591 930 815 967; x_wconf 91' lang='lat' dir='ltr'>necesse</span> <span class='ocrx_word' id='word_1_84' title='bbox 848 917 948 967; x_wconf 93' lang='lat' dir='ltr'>erit</span> <span class='ocrx_word' id='word_1_85' title='bbox 978 923 1073 966; x_wconf 92' lang='lat' dir='ltr'>aut</span> <span class='ocrx_word' id='word_1_86' title='bbox 1104 916 1392 967; x_wconf 89' lang='lat' dir='ltr'>mortalem</span> <span class='ocrx_word' id='word_1_87' title='bbox 1426 916 1606 967; x_wconf 91' lang='lat' dir='ltr'>dicere</span> <span class='ocrx_word' id='word_1_88' title='bbox 1630 917 1871 966; x_wconf 91' lang='lat' dir='ltr'>animam</span> <span class='ocrx_word' id='word_1_89' title='bbox 1899 920 1941 956; x_wconf 85' lang='lat'>¹0</span> 
     </span>
     <span class='ocr_line' id='line_1_14' title="bbox 186 992 1870 1053; baseline 0 -13"><span class='ocrx_word' id='word_1_90' title='bbox 186 1005 254 1040; x_wconf 86' lang='lat' dir='ltr'>ex</span> <span class='ocrx_word' id='word_1_91' title='bbox 291 992 724 1053; x_wconf 91' lang='lat' dir='ltr'>uniuscuiusque</span> <span class='ocrx_word' id='word_1_92' title='bbox 765 992 970 1041; x_wconf 91' lang='lat' dir='ltr'>semine</span> <span class='ocrx_word' id='word_1_93' title='bbox 1009 997 1194 1041; x_wconf 92' lang='lat' dir='ltr'>natam</span> <span class='ocrx_word' id='word_1_94' title='bbox 1233 997 1328 1041; x_wconf 87' lang='lat' dir='ltr'>aut</span> <span class='ocrx_word' id='word_1_95' title='bbox 1365 1005 1476 1041; x_wconf 91' lang='lat' dir='ltr'>non</span> <span class='ocrx_word' id='word_1_96' title='bbox 1516 1004 1613 1052; x_wconf 90' lang='lat' dir='ltr'>per</span> <span class='ocrx_word' id='word_1_97' title='bbox 1643 1004 1870 1053; x_wconf 89' lang='lat' dir='ltr'>genera-</span> 
     </span>
     <span class='ocr_line' id='line_1_15' title="bbox 189 1064 1869 1120; baseline 0 -6"><span class='ocrx_word' id='word_1_98' title='bbox 189 1066 392 1115; x_wconf 91' lang='lat' dir='ltr'>tionem</span> <span class='ocrx_word' id='word_1_99' title='bbox 436 1066 659 1115; x_wconf 89' lang='lat' dir='ltr'>seminis</span> <span class='ocrx_word' id='word_1_100' title='bbox 703 1079 823 1115; x_wconf 90' lang='lat' dir='ltr'>eam</span> <span class='ocrx_word' id='word_1_101' title='bbox 867 1065 1003 1115; x_wconf 77' lang='lat' dir='ltr'>fieri.</span> <span class='ocrx_word' id='word_1_102' title='bbox 1059 1065 1222 1120; x_wconf 89' lang='lat' dir='ltr'>Quod</span> <span class='ocrx_word' id='word_1_103' title='bbox 1265 1071 1448 1115; x_wconf 90' lang='lat' dir='ltr'>autem</span> <span class='ocrx_word' id='word_1_104' title='bbox 1491 1078 1558 1115; x_wconf 85' lang='lat' dir='ltr'>ex</span> <span class='ocrx_word' id='word_1_105' title='bbox 1597 1064 1869 1116; x_wconf 93' lang='lat' dir='ltr'>adulterio</span> 
     </span>
     <span class='ocr_line' id='line_1_16' title="bbox 186 1139 1869 1202; baseline 0.001 -14"><span class='ocrx_word' id='word_1_106' title='bbox 186 1145 479 1201; x_wconf 87' lang='lat' dir='ltr'>generatur</span> <span class='ocrx_word' id='word_1_107' title='bbox 536 1139 918 1201; x_wconf 88' lang='lat' dir='ltr'>providentiae</span> <span class='ocrx_word' id='word_1_108' title='bbox 976 1140 1174 1190; x_wconf 89' lang='lat' dir='ltr'>rationi</span> <span class='ocrx_word' id='word_1_109' title='bbox 1218 1139 1576 1201; x_wconf 86' lang='lat' dir='ltr'>relinquimus</span> <span class='ocrx_word' id='word_1_110' title='bbox 1618 1140 1869 1202; x_wconf 88' lang='lat' dir='ltr'>ignotum</span> 
     </span>
     <span class='ocr_line' id='line_1_17' title="bbox 186 1213 1869 1275; baseline 0 -13"><span class='ocrx_word' id='word_1_111' title='bbox 186 1213 346 1264; x_wconf 92' lang='lat' dir='ltr'>nobis</span> <span class='ocrx_word' id='word_1_112' title='bbox 401 1214 659 1264; x_wconf 68' lang='lat' dir='ltr'>existens</span> <span class='ocrx_word' id='word_1_113' title='bbox 728 1213 835 1263; x_wconf 90' lang='lat' dir='ltr'>Sed</span> <span class='ocrx_word' id='word_1_114' title='bbox 880 1214 972 1275; x_wconf 92' lang='lat' dir='ltr'>qui</span> <span class='ocrx_word' id='word_1_115' title='bbox 1012 1214 1168 1264; x_wconf 91' lang='lat' dir='ltr'>novit</span> <span class='ocrx_word' id='word_1_116' title='bbox 1211 1213 1628 1275; x_wconf 89' lang='lat' dir='ltr'>quomodolibet</span> <span class='ocrx_word' id='word_1_117' title='bbox 1670 1213 1869 1270; x_wconf 89' lang='lat' dir='ltr'>rimari,</span> 
     </span>
     <span class='ocr_line' id='line_1_18' title="bbox 187 1287 1939 1350; baseline 0.001 -13"><span class='ocrx_word' id='word_1_118' title='bbox 187 1302 326 1350; x_wconf 90' lang='lat' dir='ltr'>quae</span> <span class='ocrx_word' id='word_1_119' title='bbox 360 1293 486 1338; x_wconf 91' lang='lat' dir='ltr'>sunt</span> <span class='ocrx_word' id='word_1_120' title='bbox 519 1288 901 1350; x_wconf 88' lang='lat' dir='ltr'>providentiae</span> <span class='ocrx_word' id='word_1_121' title='bbox 933 1289 1089 1338; x_wconf 91' lang='lat' dir='ltr'>novit</span> <span class='ocrx_word' id='word_1_122' title='bbox 1120 1289 1361 1346; x_wconf 90' lang='lat' dir='ltr'>omnin0,</span> <span class='ocrx_word' id='word_1_123' title='bbox 1396 1287 1544 1350; x_wconf 91' lang='lat' dir='ltr'>quod</span> <span class='ocrx_word' id='word_1_124' title='bbox 1576 1292 1870 1350; x_wconf 88' lang='lat' dir='ltr'>generatur</span> <span class='ocrx_word' id='word_1_125' title='bbox 1896 1291 1939 1327; x_wconf 88' lang='lat'>¹5</span> 
     </span>
     <span class='ocr_line' id='line_1_19' title="bbox 184 1361 1861 1424; baseline 0.001 -13"><span class='ocrx_word' id='word_1_126' title='bbox 184 1362 271 1412; x_wconf 88' lang='lat' dir='ltr'>vel</span> <span class='ocrx_word' id='word_1_127' title='bbox 303 1376 401 1424; x_wconf 89' lang='lat' dir='ltr'>per</span> <span class='ocrx_word' id='word_1_128' title='bbox 429 1363 601 1412; x_wconf 86' lang='lat' dir='ltr'>vitam</span> <span class='ocrx_word' id='word_1_129' title='bbox 637 1376 793 1412; x_wconf 90' lang='lat' dir='ltr'>suam</span> <span class='ocrx_word' id='word_1_130' title='bbox 827 1362 914 1412; x_wconf 87' lang='lat' dir='ltr'>vel</span> <span class='ocrx_word' id='word_1_131' title='bbox 949 1376 1045 1424; x_wconf 93' lang='lat' dir='ltr'>per</span> <span class='ocrx_word' id='word_1_132' title='bbox 1076 1376 1133 1412; x_wconf 90' lang='lat' dir='ltr'>se</span> <span class='ocrx_word' id='word_1_133' title='bbox 1162 1363 1344 1424; x_wconf 91' lang='lat' dir='ltr'>ipsum</span> <span class='ocrx_word' id='word_1_134' title='bbox 1377 1362 1511 1412; x_wconf 90' lang='lat' dir='ltr'>utile</span> <span class='ocrx_word' id='word_1_135' title='bbox 1538 1361 1861 1412; x_wconf 80' lang='lat' dir='ltr'>adfuturum</span> 
     </span>
     <span class='ocr_line' id='line_1_20' title="bbox 185 1435 1869 1499; baseline 0.001 -13"><span class='ocrx_word' id='word_1_136' title='bbox 185 1442 238 1486; x_wconf 90' lang='lat' dir='ltr'>et</span> <span class='ocrx_word' id='word_1_137' title='bbox 280 1436 407 1486; x_wconf 91' lang='lat' dir='ltr'>ideo</span> <span class='ocrx_word' id='word_1_138' title='bbox 452 1436 678 1486; x_wconf 89' lang='lat' dir='ltr'>concedi</span> <span class='ocrx_word' id='word_1_139' title='bbox 722 1436 799 1486; x_wconf 93' lang='lat' dir='ltr'>illi</span> <span class='ocrx_word' id='word_1_140' title='bbox 843 1437 1252 1487; x_wconf 90' lang='lat' dir='ltr'>animationem.</span> <span class='ocrx_word' id='word_1_141' title='bbox 1308 1436 1595 1499; x_wconf 91' lang='lat' dir='ltr'>Huiusque</span> <span class='ocrx_word' id='word_1_142' title='bbox 1639 1437 1715 1487; x_wconf 87' lang='lat' dir='ltr'>rei</span> <span class='ocrx_word' id='word_1_143' title='bbox 1754 1435 1869 1487; x_wconf 82' lang='lat' dir='ltr'>suf-</span> 
     </span>
     <span class='ocr_line' id='line_1_21' title="bbox 186 1510 1868 1573; baseline 0 -13"><span class='ocrx_word' id='word_1_144' title='bbox 186 1510 379 1561; x_wconf 78' lang='lat' dir='ltr'>ficiens</span> <span class='ocrx_word' id='word_1_145' title='bbox 407 1511 707 1573; x_wconf 92' lang='lat' dir='ltr'>accipimus</span> <span class='ocrx_word' id='word_1_146' title='bbox 736 1511 998 1561; x_wconf 91' lang='lat' dir='ltr'>indicium</span> <span class='ocrx_word' id='word_1_147' title='bbox 1028 1510 1381 1561; x_wconf 91' lang='lat' dir='ltr'>Salomonem</span> <span class='ocrx_word' id='word_1_148' title='bbox 1410 1510 1478 1561; x_wconf 90' lang='lat' dir='ltr'>de</span> <span class='ocrx_word' id='word_1_149' title='bbox 1506 1524 1677 1561; x_wconf 88' lang='lat' dir='ltr'>uxore</span> <span class='ocrx_word' id='word_1_150' title='bbox 1705 1510 1868 1561; x_wconf 90' lang='lat' dir='ltr'>Uriae</span> 
     </span>
     <span class='ocr_line' id='line_1_22' title="bbox 182 1584 1866 1648; baseline 0 -13"><span class='ocrx_word' id='word_1_151' title='bbox 182 1591 235 1635; x_wconf 89' lang='lat' dir='ltr'>et</span> <span class='ocrx_word' id='word_1_152' title='bbox 307 1584 488 1635; x_wconf 92' lang='lat' dir='ltr'>David</span> <span class='ocrx_word' id='word_1_153' title='bbox 548 1586 810 1648; x_wconf 86' lang='lat' dir='ltr'>genitum.</span> <span class='ocrx_word' id='word_1_154' title='bbox 930 1585 1297 1647; x_wconf 87' lang='lat' dir='ltr'>Consequitur</span> <span class='ocrx_word' id='word_1_155' title='bbox 1355 1590 1555 1643; x_wconf 88' lang='lat' dir='ltr'>autem,</span> <span class='ocrx_word' id='word_1_156' title='bbox 1613 1590 1673 1635; x_wconf 94' lang='lat' dir='ltr'>ut</span> <span class='ocrx_word' id='word_1_157' title='bbox 1728 1584 1866 1635; x_wconf 90' lang='lat' dir='ltr'>Ma-</span> 
     </span>
     <span class='ocr_line' id='line_1_23' title="bbox 182 1659 1935 1722; baseline 0.001 -14"><span class='ocrx_word' id='word_1_158' title='bbox 182 1659 633 1710; x_wconf 85' lang='lat' dir='ltr'>nichaeorum</span> <span class='ocrx_word' id='word_1_159' title='bbox 707 1660 1033 1710; x_wconf 87' lang='lat' dir='ltr'>sententiam</span> <span class='ocrx_word' id='word_1_160' title='bbox 1094 1664 1513 1721; x_wconf 89' lang='lat' dir='ltr'>perscrutemur,</span> <span class='ocrx_word' id='word_1_161' title='bbox 1572 1673 1736 1722; x_wconf 91' lang='lat' dir='ltr'>quam</span> <span class='ocrx_word' id='word_1_162' title='bbox 1795 1659 1864 1710; x_wconf 88' lang='lat' dir='ltr'>de</span> <span class='ocrx_word' id='word_1_163' title='bbox 1890 1662 1935 1697; x_wconf 82' lang='lat'>2⁰</span> 
     </span>
     <span class='ocr_line' id='line_1_24' title="bbox 182 1733 1865 1784; baseline 0.001 -1"><span class='ocrx_word' id='word_1_164' title='bbox 182 1735 366 1783; x_wconf 88' lang='lat' dir='ltr'>anima</span> <span class='ocrx_word' id='word_1_165' title='bbox 386 1734 605 1784; x_wconf 88' lang='lat' dir='ltr'>habent.</span> <span class='ocrx_word' id='word_1_166' title='bbox 643 1734 902 1784; x_wconf 87' lang='lat' dir='ltr'>Fatentur</span> <span class='ocrx_word' id='word_1_167' title='bbox 924 1747 1057 1784; x_wconf 89' lang='lat' dir='ltr'>vero</span> <span class='ocrx_word' id='word_1_168' title='bbox 1082 1748 1203 1784; x_wconf 87' lang='lat' dir='ltr'>eam</span> <span class='ocrx_word' id='word_1_169' title='bbox 1228 1733 1594 1784; x_wconf 90' lang='lat' dir='ltr'>immortalem</span> <span class='ocrx_word' id='word_1_170' title='bbox 1618 1738 1672 1784; x_wconf 90' lang='lat' dir='ltr'>et</span> <span class='ocrx_word' id='word_1_171' title='bbox 1689 1734 1865 1784; x_wconf 91' lang='lat' dir='ltr'>incor-</span> 
     </span>
     <span class='ocr_line' id='line_1_25' title="bbox 181 1804 1856 1870; baseline -0.001 -12"><span class='ocrx_word' id='word_1_172' title='bbox 181 1822 406 1870; x_wconf 87' lang='lat' dir='ltr'>poream</span> <span class='ocrx_word' id='word_1_173' title='bbox 439 1814 603 1870; x_wconf 91' lang='lat' dir='ltr'>atque</span> <span class='ocrx_word' id='word_1_174' title='bbox 636 1822 803 1857; x_wconf 92' lang='lat' dir='ltr'>unam</span> <span class='ocrx_word' id='word_1_175' title='bbox 842 1808 1017 1858; x_wconf 91' lang='lat' dir='ltr'>solam</span> <span class='ocrx_word' id='word_1_176' title='bbox 1053 1821 1175 1858; x_wconf 91' lang='lat' dir='ltr'>esse</span> <span class='ocrx_word' id='word_1_177' title='bbox 1210 1809 1455 1858; x_wconf 93' lang='lat' dir='ltr'>omnium</span> <span class='ocrx_word' id='word_1_178' title='bbox 1487 1809 1744 1865; x_wconf 90' lang='lat' dir='ltr'>animam,</span> <span class='ocrx_word' id='word_1_179' title='bbox 1777 1804 1856 1858; x_wconf 90' lang='lat' dir='ltr'>di-</span> 
     </span>
     <span class='ocr_line' id='line_1_26' title="bbox 182 1882 1858 1944; baseline -0.001 -12"><span class='ocrx_word' id='word_1_180' title='bbox 182 1896 430 1944; x_wconf 88' lang='lat' dir='ltr'>spersam</span> <span class='ocrx_word' id='word_1_181' title='bbox 449 1896 513 1932; x_wconf 92' lang='lat' dir='ltr'>ac</span> <span class='ocrx_word' id='word_1_182' title='bbox 536 1882 770 1932; x_wconf 89' lang='lat' dir='ltr'>divisam</span> <span class='ocrx_word' id='word_1_183' title='bbox 796 1896 892 1944; x_wconf 91' lang='lat' dir='ltr'>per</span> <span class='ocrx_word' id='word_1_184' title='bbox 917 1882 1135 1944; x_wconf 88' lang='lat' dir='ltr'>singula</span> <span class='ocrx_word' id='word_1_185' title='bbox 1159 1895 1406 1943; x_wconf 89' lang='lat' dir='ltr'>corpora,</span> <span class='ocrx_word' id='word_1_186' title='bbox 1424 1883 1727 1932; x_wconf 91' lang='lat' dir='ltr'>inanimata</span> <span class='ocrx_word' id='word_1_187' title='bbox 1742 1883 1858 1944; x_wconf 92' lang='lat' dir='ltr'>qui-</span> 
     </span>
     <span class='ocr_line' id='line_1_27' title="bbox 183 1955 1861 2018; baseline 0 -12"><span class='ocrx_word' id='word_1_188' title='bbox 183 1957 306 2006; x_wconf 90' lang='lat' dir='ltr'>dem</span> <span class='ocrx_word' id='word_1_189' title='bbox 353 1962 405 2006; x_wconf 94' lang='lat' dir='ltr'>et</span> <span class='ocrx_word' id='word_1_190' title='bbox 454 1957 711 2007; x_wconf 92' lang='lat' dir='ltr'>animata.</span> <span class='ocrx_word' id='word_1_191' title='bbox 760 1956 910 2006; x_wconf 91' lang='lat' dir='ltr'>Haec</span> <span class='ocrx_word' id='word_1_192' title='bbox 959 1956 1180 2018; x_wconf 90' lang='lat' dir='ltr'>quidem</span> <span class='ocrx_word' id='word_1_193' title='bbox 1230 1955 1469 2018; x_wconf 91' lang='lat' dir='ltr'>amplius</span> <span class='ocrx_word' id='word_1_194' title='bbox 1519 1957 1861 2018; x_wconf 88' lang='lat' dir='ltr'>participare,</span> 
     </span>
     <span class='ocr_line' id='line_1_28' title="bbox 180 2030 1931 2092; baseline 0.001 -12"><span class='ocrx_word' id='word_1_195' title='bbox 180 2031 315 2080; x_wconf 89' lang='lat' dir='ltr'>haec</span> <span class='ocrx_word' id='word_1_196' title='bbox 344 2044 476 2080; x_wconf 87' lang='lat' dir='ltr'>vero</span> <span class='ocrx_word' id='word_1_197' title='bbox 509 2031 715 2086; x_wconf 89' lang='lat' dir='ltr'>minus;</span> <span class='ocrx_word' id='word_1_198' title='bbox 747 2030 986 2092; x_wconf 90' lang='lat' dir='ltr'>amplius</span> <span class='ocrx_word' id='word_1_199' title='bbox 1018 2035 1201 2080; x_wconf 88' lang='lat' dir='ltr'>autem</span> <span class='ocrx_word' id='word_1_200' title='bbox 1234 2031 1490 2087; x_wconf 92' lang='lat' dir='ltr'>animata,</span> <span class='ocrx_word' id='word_1_201' title='bbox 1523 2030 1704 2080; x_wconf 92' lang='lat' dir='ltr'>minus</span> <span class='ocrx_word' id='word_1_202' title='bbox 1728 2044 1861 2082; x_wconf 90' lang='lat' dir='ltr'>vero</span> <span class='ocrx_word' id='word_1_203' title='bbox 1886 2032 1931 2067; x_wconf 69' lang='lat'>²5</span> 
     </span>
    </p>
   </div>
   <div class='ocr_carea' id='block_1_5' title="bbox 176 2158 1866 2977">
    <p class='ocr_par' dir='ltr' id='par_1_5' title="bbox 176 2158 1866 2926">
     <span class='ocr_line' id='line_1_29' title="bbox 256 2158 1864 2216; baseline 0.001 -11"><span class='ocrx_word' id='word_1_204' title='bbox 256 2165 274 2204; x_wconf 92' lang='lat'>1</span> <span class='ocrx_word' id='word_1_205' title='bbox 309 2168 422 2216; x_wconf 79' lang='lat' dir='ltr'>post</span> <span class='ocrx_word' id='word_1_206' title='bbox 454 2176 616 2206; x_wconf 89' lang='lat' dir='ltr'>omnes</span> <span class='ocrx_word' id='word_1_207' title='bbox 649 2167 760 2207; x_wconf 82' lang='lat' dir='ltr'>add.</span> <span class='ocrx_word' id='word_1_208' title='bbox 795 2167 922 2214; x_wconf 89' lang='lat' dir='ltr'>ipsos</span> <span class='ocrx_word' id='word_1_209' title='bbox 954 2165 988 2205; x_wconf 88' lang='lat' dir='ltr'><strong><em>A</em></strong></span> <span class='ocrx_word' id='word_1_210' title='bbox 1174 2165 1199 2204; x_wconf 89' lang='lat'><strong>2</strong></span> <span class='ocrx_word' id='word_1_211' title='bbox 1233 2158 1299 2205; x_wconf 91' lang='lat' dir='ltr'>et¹</span> <span class='ocrx_word' id='word_1_212' title='bbox 1331 2167 1421 2205; x_wconf 82' lang='lat' dir='ltr'>om.</span> <span class='ocrx_word' id='word_1_213' title='bbox 1452 2165 1486 2205; x_wconf 87' lang='lat' dir='ltr'><strong><em>A</em></strong></span> <span class='ocrx_word' id='word_1_214' title='bbox 1561 2165 1864 2213; x_wconf 85' lang='lat' dir='ltr'>praeexistere</span> 
     </span>
     <span class='ocr_line' id='line_1_30' title="bbox 178 2217 1866 2275; baseline -0.001 -10"><span class='ocrx_word' id='word_1_215' title='bbox 178 2237 326 2275; x_wconf 80' lang='lat' dir='ltr'>supra</span> <span class='ocrx_word' id='word_1_216' title='bbox 360 2226 670 2274; x_wconf 88' lang='lat' dir='ltr'>praeexistunt</span> <span class='ocrx_word' id='word_1_217' title='bbox 702 2226 903 2266; x_wconf 81' lang='lat' dir='ltr'>deletum</span> <span class='ocrx_word' id='word_1_218' title='bbox 936 2237 1024 2266; x_wconf 83' lang='lat' dir='ltr'>scr.</span> <span class='ocrx_word' id='word_1_219' title='bbox 1056 2218 1117 2265; x_wconf 85' lang='lat' dir='ltr'>A&#39;</span> <span class='ocrx_word' id='word_1_220' title='bbox 1291 2224 1317 2264; x_wconf 88' lang='lat'>3</span> <span class='ocrx_word' id='word_1_221' title='bbox 1349 2225 1488 2265; x_wconf 88' lang='lat' dir='ltr'>creari</span> <span class='ocrx_word' id='word_1_222' title='bbox 1518 2224 1602 2264; x_wconf 88' lang='grc' dir='ltr'>ΡΒ</span> <span class='ocrx_word' id='word_1_223' title='bbox 1631 2223 1774 2264; x_wconf 84' lang='lat' dir='ltr'>curari</span> <span class='ocrx_word' id='word_1_224' title='bbox 1805 2217 1866 2264; x_wconf 81' lang='lat' dir='ltr'>A&#39;</span> 
     </span>
     <span class='ocr_line' id='line_1_31' title="bbox 178 2278 1805 2333; baseline 0.001 -10"><span class='ocrx_word' id='word_1_225' title='bbox 178 2287 335 2324; x_wconf 89' lang='lat' dir='ltr'>curant</span> <span class='ocrx_word' id='word_1_226' title='bbox 365 2278 426 2324; x_wconf 91' lang='lat' dir='ltr'>A¹</span> <span class='ocrx_word' id='word_1_227' title='bbox 562 2284 662 2324; x_wconf 90' lang='lat' dir='ltr'>Hoc</span> <span class='ocrx_word' id='word_1_228' title='bbox 693 2284 776 2325; x_wconf 89' lang='lat' dir='ltr'>AB</span> <span class='ocrx_word' id='word_1_229' title='bbox 911 2287 1255 2333; x_wconf 87' lang='lat' dir='ltr'>cooperatorem</span> <span class='ocrx_word' id='word_1_230' title='bbox 1288 2283 1367 2324; x_wconf 86' lang='lat' dir='ltr'>PA</span> <span class='ocrx_word' id='word_1_231' title='bbox 1409 2283 1736 2332; x_wconf 86' lang='lat' dir='ltr'>cooperatione</span> <span class='ocrx_word' id='word_1_232' title='bbox 1766 2283 1805 2324; x_wconf 88' lang='grc' dir='ltr'><em>Β</em></span> 
     </span>
     <span class='ocr_line' id='line_1_32' title="bbox 181 2338 1861 2393; baseline 0 -11"><span class='ocrx_word' id='word_1_233' title='bbox 181 2343 206 2382; x_wconf 90' lang='grc'>4</span> <span class='ocrx_word' id='word_1_234' title='bbox 240 2339 313 2383; x_wconf 72' lang='grc' dir='ltr'>ᾱΐη</span> <span class='ocrx_word' id='word_1_235' title='bbox 350 2340 425 2392; x_wconf 91' lang='lat'>(=</span> <span class='ocrx_word' id='word_1_236' title='bbox 445 2341 602 2393; x_wconf 92' lang='lat' dir='ltr'>deum)</span> <span class='ocrx_word' id='word_1_237' title='bbox 634 2343 714 2384; x_wconf 86' lang='lat' dir='ltr'>PA</span> <span class='ocrx_word' id='word_1_238' title='bbox 750 2344 843 2384; x_wconf 91' lang='lat' dir='ltr'>d’ni</span> <span class='ocrx_word' id='word_1_239' title='bbox 877 2339 953 2392; x_wconf 70' lang='grc' dir='ltr'>(τε</span> <span class='ocrx_word' id='word_1_240' title='bbox 973 2340 1167 2393; x_wconf 87' lang='lat' dir='ltr'>domini)</span> <span class='ocrx_word' id='word_1_241' title='bbox 1199 2343 1237 2383; x_wconf 89' lang='grc' dir='ltr'>Β</span> <span class='ocrx_word' id='word_1_242' title='bbox 1409 2343 1434 2382; x_wconf 91' lang='grc'>5</span> <span class='ocrx_word' id='word_1_243' title='bbox 1467 2343 1526 2382; x_wconf 88' lang='lat' dir='ltr'>ab</span> <span class='ocrx_word' id='word_1_244' title='bbox 1559 2352 1609 2382; x_wconf 88' lang='grc'>0.·</span> <span class='ocrx_word' id='word_1_245' title='bbox 1627 2352 1670 2382; x_wconf 93' lang='grc' dir='ltr'>ο.</span> <span class='ocrx_word' id='word_1_246' title='bbox 1696 2353 1732 2382; x_wconf 90' lang='lat' dir='ltr'>s.</span> <span class='ocrx_word' id='word_1_247' title='bbox 1765 2338 1861 2390; x_wconf 77' lang='lat' dir='ltr'>(his</span> 
     </span>
     <span class='ocr_line' id='line_1_33' title="bbox 181 2398 1864 2453; baseline -0.001 -11"><span class='ocrx_word' id='word_1_248' title='bbox 181 2400 327 2451; x_wconf 82' lang='lat' dir='ltr'>notis)</span> <span class='ocrx_word' id='word_1_249' title='bbox 360 2404 398 2443; x_wconf 86' lang='grc' dir='ltr'><em>Β</em></span> <span class='ocrx_word' id='word_1_250' title='bbox 577 2403 604 2442; x_wconf 88' lang='grc'><strong>6</strong></span> <span class='ocrx_word' id='word_1_251' title='bbox 634 2405 749 2453; x_wconf 79' lang='lat' dir='ltr'>post</span> <span class='ocrx_word' id='word_1_252' title='bbox 779 2403 874 2443; x_wconf 90' lang='lat' dir='ltr'>suis</span> <span class='ocrx_word' id='word_1_253' title='bbox 907 2404 951 2443; x_wconf 88' lang='lat' dir='ltr'>d.</span> <span class='ocrx_word' id='word_1_254' title='bbox 978 2403 1007 2443; x_wconf 92' lang='grc' dir='ltr'>ἰ.</span> <span class='ocrx_word' id='word_1_255' title='bbox 1033 2415 1072 2443; x_wconf 87' lang='grc' dir='ltr'>υ.</span> <span class='ocrx_word' id='word_1_256' title='bbox 1107 2398 1175 2440; x_wconf 88' lang='grc' dir='ltr'>ὧν</span> <span class='ocrx_word' id='word_1_257' title='bbox 1205 2399 1377 2451; x_wconf 80' lang='grc' dir='ltr'>ἤρξατο</span> <span class='ocrx_word' id='word_1_258' title='bbox 1409 2401 1556 2440; x_wconf 84' lang='grc' dir='ltr'>ποιεῖν</span> <span class='ocrx_word' id='word_1_259' title='bbox 1677 2403 1722 2441; x_wconf 88' lang='lat' dir='ltr'>et</span> <span class='ocrx_word' id='word_1_260' title='bbox 1749 2403 1864 2451; x_wconf 79' lang='lat' dir='ltr'>post</span> 
     </span>
     <span class='ocr_line' id='line_1_34' title="bbox 180 2455 1863 2512; baseline 0 -11"><span class='ocrx_word' id='word_1_261' title='bbox 180 2463 318 2502; x_wconf 89' lang='lat' dir='ltr'>modo</span> <span class='ocrx_word' id='word_1_262' title='bbox 352 2474 497 2512; x_wconf 79' lang='lat' dir='ltr'>supra</span> <span class='ocrx_word' id='word_1_263' title='bbox 531 2474 647 2503; x_wconf 80' lang='lat' dir='ltr'>vers.</span> <span class='ocrx_word' id='word_1_264' title='bbox 678 2474 789 2512; x_wconf 83' lang='lat' dir='ltr'>pon.</span> <span class='ocrx_word' id='word_1_265' title='bbox 823 2464 869 2503; x_wconf 80' lang='lat' dir='ltr'>et</span> <span class='ocrx_word' id='word_1_266' title='bbox 900 2462 1076 2501; x_wconf 89' lang='lat' dir='ltr'>animas</span> <span class='ocrx_word' id='word_1_267' title='bbox 1109 2463 1323 2512; x_wconf 80' lang='lat' dir='ltr'>duplicat</span> <span class='ocrx_word' id='word_1_268' title='bbox 1351 2455 1390 2501; x_wconf 89' lang='lat' dir='ltr'><em>A</em></span> <span class='ocrx_word' id='word_1_269' title='bbox 1588 2459 1637 2500; x_wconf 91' lang='lat'>11</span> <span class='ocrx_word' id='word_1_270' title='bbox 1672 2461 1863 2501; x_wconf 80' lang='lat' dir='ltr'>seminis</span> 
     </span>
     <span class='ocr_line' id='line_1_35' title="bbox 179 2518 1860 2568; baseline -0.001 -9"><span class='ocrx_word' id='word_1_271' title='bbox 179 2524 338 2560; x_wconf 90' lang='lat' dir='ltr'>natura</span> <span class='ocrx_word' id='word_1_272' title='bbox 369 2521 402 2561; x_wconf 90' lang='lat' dir='ltr'><strong><em>A</em></strong></span> <span class='ocrx_word' id='word_1_273' title='bbox 445 2522 623 2562; x_wconf 89' lang='lat' dir='ltr'>semine</span> <span class='ocrx_word' id='word_1_274' title='bbox 656 2524 816 2561; x_wconf 86' lang='lat' dir='ltr'>natura</span> <span class='ocrx_word' id='word_1_275' title='bbox 846 2522 884 2561; x_wconf 89' lang='grc' dir='ltr'><em>Β</em></span> <span class='ocrx_word' id='word_1_276' title='bbox 1052 2521 1106 2560; x_wconf 93' lang='grc'>12</span> <span class='ocrx_word' id='word_1_277' title='bbox 1139 2520 1390 2561; x_wconf 69' lang='lat' dir='ltr'>adulterim</span> <span class='ocrx_word' id='word_1_278' title='bbox 1421 2520 1461 2559; x_wconf 92' lang='grc' dir='ltr'><em>Ρ</em></span> <span class='ocrx_word' id='word_1_279' title='bbox 1625 2518 1678 2559; x_wconf 94' lang='grc'>15</span> <span class='ocrx_word' id='word_1_280' title='bbox 1711 2520 1860 2568; x_wconf 88' lang='lat' dir='ltr'>provi-</span> 
     </span>
     <span class='ocr_line' id='line_1_36' title="bbox 178 2575 1862 2629; baseline 0.001 -11"><span class='ocrx_word' id='word_1_281' title='bbox 178 2578 379 2628; x_wconf 89' lang='lat' dir='ltr'>dentiae]</span> <span class='ocrx_word' id='word_1_282' title='bbox 415 2582 545 2629; x_wconf 89' lang='lat' dir='ltr'>proni</span> <span class='ocrx_word' id='word_1_283' title='bbox 569 2581 607 2621; x_wconf 89' lang='grc' dir='ltr'><em>Β</em></span> <span class='ocrx_word' id='word_1_284' title='bbox 730 2580 784 2620; x_wconf 91' lang='grc'>16</span> <span class='ocrx_word' id='word_1_285' title='bbox 818 2575 935 2629; x_wconf 87' lang='lat' dir='ltr'>per¹l</span> <span class='ocrx_word' id='word_1_286' title='bbox 963 2581 1040 2629; x_wconf 90' lang='lat' dir='ltr'>qui</span> <span class='ocrx_word' id='word_1_287' title='bbox 1064 2580 1099 2620; x_wconf 94' lang='lat' dir='ltr'><strong><em>A</em></strong></span> <span class='ocrx_word' id='word_1_288' title='bbox 1162 2591 1291 2620; x_wconf 91' lang='lat' dir='ltr'>suam</span> <span class='ocrx_word' id='word_1_289' title='bbox 1316 2578 1455 2619; x_wconf 91' lang='lat' dir='ltr'>om.A</span> <span class='ocrx_word' id='word_1_290' title='bbox 1520 2578 1761 2619; x_wconf 77' lang='lat' dir='ltr'>affuturum</span> <span class='ocrx_word' id='word_1_291' title='bbox 1785 2579 1862 2619; x_wconf 85' lang='lat' dir='ltr'>AB</span> 
     </span>
     <span class='ocr_line' id='line_1_37' title="bbox 178 2634 1863 2689; baseline -0.001 -11"><span class='ocrx_word' id='word_1_292' title='bbox 178 2634 359 2687; x_wconf 76' lang='lat' dir='ltr'>(priusf</span> <span class='ocrx_word' id='word_1_293' title='bbox 377 2641 425 2679; x_wconf 85' lang='lat' dir='ltr'>in</span> <span class='ocrx_word' id='word_1_294' title='bbox 442 2651 537 2680; x_wconf 80' lang='lat' dir='ltr'>ras.</span> <span class='ocrx_word' id='word_1_295' title='bbox 556 2652 644 2680; x_wconf 84' lang='lat' dir='ltr'>scr.</span> <span class='ocrx_word' id='word_1_296' title='bbox 663 2652 720 2680; x_wconf 89' lang='lat' dir='ltr'>m.</span> <span class='ocrx_word' id='word_1_297' title='bbox 736 2637 782 2689; x_wconf 89' lang='grc'>3)</span> <span class='ocrx_word' id='word_1_298' title='bbox 800 2639 840 2679; x_wconf 91' lang='grc' dir='ltr'><em>Ρ</em></span> <span class='ocrx_word' id='word_1_299' title='bbox 931 2639 983 2679; x_wconf 90' lang='grc'>17</span> <span class='ocrx_word' id='word_1_300' title='bbox 1018 2639 1343 2679; x_wconf 86' lang='lat' dir='ltr'>animationem</span> <span class='ocrx_word' id='word_1_301' title='bbox 1359 2638 1398 2678; x_wconf 90' lang='lat' dir='ltr'><strong><em>B</em></strong></span> <span class='ocrx_word' id='word_1_302' title='bbox 1429 2638 1806 2678; x_wconf 87' lang='lat' dir='ltr'>inanimationem</span> <span class='ocrx_word' id='word_1_303' title='bbox 1822 2637 1863 2677; x_wconf 88' lang='lat' dir='ltr'><em>P</em></span> 
     </span>
     <span class='ocr_line' id='line_1_38' title="bbox 178 2696 1858 2747; baseline 0.001 -12"><span class='ocrx_word' id='word_1_304' title='bbox 178 2697 224 2736; x_wconf 88' lang='lat' dir='ltr'>in</span> <span class='ocrx_word' id='word_1_305' title='bbox 257 2698 537 2738; x_wconf 89' lang='lat' dir='ltr'>animatione</span> <span class='ocrx_word' id='word_1_306' title='bbox 569 2699 603 2739; x_wconf 92' lang='lat' dir='ltr'><strong><em>A</em></strong></span> <span class='ocrx_word' id='word_1_307' title='bbox 789 2698 842 2739; x_wconf 90' lang='lat'>18</span> <span class='ocrx_word' id='word_1_308' title='bbox 875 2699 1138 2747; x_wconf 88' lang='lat' dir='ltr'>accepimus</span> <span class='ocrx_word' id='word_1_309' title='bbox 1169 2697 1205 2738; x_wconf 88' lang='lat' dir='ltr'><strong><em>A</em></strong></span> <span class='ocrx_word' id='word_1_310' title='bbox 1386 2696 1437 2736; x_wconf 91' lang='lat'>21</span> <span class='ocrx_word' id='word_1_311' title='bbox 1469 2699 1584 2747; x_wconf 77' lang='lat' dir='ltr'>post</span> <span class='ocrx_word' id='word_1_312' title='bbox 1613 2707 1715 2737; x_wconf 90' lang='lat' dir='ltr'>eam</span> <span class='ocrx_word' id='word_1_313' title='bbox 1746 2697 1858 2737; x_wconf 82' lang='lat' dir='ltr'>add.</span> 
     </span>
     <span class='ocr_line' id='line_1_39' title="bbox 177 2753 1860 2807; baseline 0.001 -13"><span class='ocrx_word' id='word_1_314' title='bbox 177 2756 313 2795; x_wconf 89' lang='lat' dir='ltr'>etiam</span> <span class='ocrx_word' id='word_1_315' title='bbox 346 2757 383 2796; x_wconf 90' lang='grc' dir='ltr'><em>Β</em></span> <span class='ocrx_word' id='word_1_316' title='bbox 526 2757 581 2797; x_wconf 90' lang='grc'>22</span> <span class='ocrx_word' id='word_1_317' title='bbox 614 2768 718 2798; x_wconf 89' lang='lat' dir='ltr'>esse</span> <span class='ocrx_word' id='word_1_318' title='bbox 752 2758 955 2798; x_wconf 93' lang='lat' dir='ltr'>omnium</span> <span class='ocrx_word' id='word_1_319' title='bbox 990 2759 1174 2807; x_wconf 80' lang='lat' dir='ltr'>transp.</span> <span class='ocrx_word' id='word_1_320' title='bbox 1205 2756 1240 2797; x_wconf 90' lang='lat' dir='ltr'><strong><em>A</em></strong></span> <span class='ocrx_word' id='word_1_321' title='bbox 1385 2755 1440 2796; x_wconf 87' lang='lat'>23</span> <span class='ocrx_word' id='word_1_322' title='bbox 1473 2753 1542 2804; x_wconf 89' lang='lat' dir='ltr'>ac]</span> <span class='ocrx_word' id='word_1_323' title='bbox 1579 2759 1624 2796; x_wconf 90' lang='lat' dir='ltr'>et</span> <span class='ocrx_word' id='word_1_324' title='bbox 1653 2756 1689 2796; x_wconf 88' lang='lat' dir='ltr'><strong><em>A</em></strong></span> <span class='ocrx_word' id='word_1_325' title='bbox 1779 2765 1860 2805; x_wconf 87' lang='lat' dir='ltr'>per</span> 
     </span>
     <span class='ocr_line' id='line_1_40' title="bbox 176 2814 1856 2865; baseline 0.001 -12"><span class='ocrx_word' id='word_1_326' title='bbox 176 2815 359 2864; x_wconf 85' lang='lat' dir='ltr'>singula</span> <span class='ocrx_word' id='word_1_327' title='bbox 390 2826 471 2864; x_wconf 88' lang='lat' dir='ltr'>per</span> <span class='ocrx_word' id='word_1_328' title='bbox 501 2827 692 2865; x_wconf 89' lang='lat' dir='ltr'>corpora</span> <span class='ocrx_word' id='word_1_329' title='bbox 722 2818 761 2857; x_wconf 93' lang='grc' dir='ltr'><em>Ρ</em></span> <span class='ocrx_word' id='word_1_330' title='bbox 954 2816 1009 2856; x_wconf 89' lang='grc'>24</span> <span class='ocrx_word' id='word_1_331' title='bbox 1042 2818 1089 2857; x_wconf 83' lang='lat' dir='ltr'>et</span> <span class='ocrx_word' id='word_1_332' title='bbox 1119 2815 1175 2855; x_wconf 89' lang='lat'>25</span> <span class='ocrx_word' id='word_1_333' title='bbox 1214 2815 1303 2855; x_wconf 93' lang='lat' dir='ltr'>hoc</span> <span class='ocrx_word' id='word_1_334' title='bbox 1333 2814 1417 2855; x_wconf 90' lang='lat' dir='ltr'>AB</span> <span class='ocrx_word' id='word_1_335' title='bbox 1618 2814 1673 2854; x_wconf 89' lang='lat'>25</span> <span class='ocrx_word' id='word_1_336' title='bbox 1705 2817 1856 2855; x_wconf 86' lang='lat' dir='ltr'>autem</span> 
     </span>
     <span class='ocr_line' id='line_1_41' title="bbox 177 2869 1853 2926; baseline 0 -14"><span class='ocrx_word' id='word_1_337' title='bbox 177 2884 264 2913; x_wconf 88' lang='lat' dir='ltr'>om.</span> <span class='ocrx_word' id='word_1_338' title='bbox 284 2874 390 2921; x_wconf 90' lang='lat' dir='ltr'><strong><em>AB‚·</em></strong></span> <span class='ocrx_word' id='word_1_339' title='bbox 415 2877 588 2924; x_wconf 83' lang='lat' dir='ltr'>expect.</span> <span class='ocrx_word' id='word_1_340' title='bbox 614 2876 799 2925; x_wconf 87' lang='lat' dir='ltr'>quidem</span> <span class='ocrx_word' id='word_1_341' title='bbox 826 2872 948 2926; x_wconf 81' lang='grc' dir='ltr'>(μὲν)</span> <span class='ocrx_word' id='word_1_342' title='bbox 1011 2876 1258 2917; x_wconf 82' lang='lat' dir='ltr'>animatum</span> <span class='ocrx_word' id='word_1_343' title='bbox 1286 2904 1296 2914; x_wconf 93' lang='lat'><em>.</em></span> <span class='ocrx_word' id='word_1_344' title='bbox 1315 2904 1325 2915; x_wconf 86' lang='lat'><em>.</em></span> <span class='ocrx_word' id='word_1_345' title='bbox 1350 2875 1647 2916; x_wconf 88' lang='lat' dir='ltr'>inanimatum</span> <span class='ocrx_word' id='word_1_346' title='bbox 1673 2869 1798 2924; x_wconf 76' lang='lat'>(45‚1)</span> <span class='ocrx_word' id='word_1_347' title='bbox 1819 2872 1853 2913; x_wconf 93' lang='lat' dir='ltr'><strong><em>A</em></strong></span> 
     </span>
    </p>

    <p class='ocr_par' dir='ltr' id='par_1_6' title="bbox 234 2933 894 2977">
     <span class='ocr_line' id='line_1_42' title="bbox 234 2933 894 2977; baseline 0.003 -3"><span class='ocrx_word' id='word_1_348' title='bbox 234 2943 340 2975; x_wconf 83' lang='lat' dir='ltr'>vero</span> <span class='ocrx_word' id='word_1_349' title='bbox 374 2944 462 2974; x_wconf 71' lang='lat' dir='ltr'>om,</span> <span class='ocrx_word' id='word_1_350' title='bbox 495 2933 577 2977; x_wconf 85' lang='lat' dir='ltr'>AB</span> <span class='ocrx_word' id='word_1_351' title='bbox 884 2955 894 2963; x_wconf 82' lang='lat'><em>-</em></span> 
     </span>
    </p>
   </div>
  </div>
 </body>
</html>
