1982 3172
134 398 203 466 χ419

108 1175 113 1182 .
143 1142 192 1181 21

139 1586 193 1627 22

235 105 304 160 28
473 171 475 173 ¹
601 102 858 148 NEMESII
892 102 1208 148 PREMNON
1241 102 1566 150 PHYSICON

235 246 383 291 mata
415 247 468 292 et
500 239 696 291 molles
728 239 989 290 habentia
1023 239 1252 297 cocleas,
1285 245 1345 290 ut
1376 239 1622 292 locustae
1647 245 1704 292 et
1733 241 1913 292 cancri

234 320 288 366 et
330 314 518 365 astaci.
575 314 631 364 Si
676 314 844 377 igitur
889 318 1017 364 sunt
1059 313 1303 364 animata
1346 319 1400 364 et
1438 328 1548 365 non
1593 314 1913 378 sanguinea,

233 388 605 446 manifestum,
628 387 778 450 quod
800 402 912 438 non
938 388 1008 438 sit
1032 388 1260 450 sanguis
1282 389 1482 438 anima.
1584 387 1694 439 Sed
1716 393 1771 440 et
1787 402 1915 440 con-

234 469 316 514 tra
345 477 457 521 eos,
489 463 580 525 qui
612 461 801 512 dicunt
830 476 1033 525 aquam
1063 475 1186 512 esse
1214 463 1455 512 animam
1480 476 1563 521 eo,
1593 462 1742 526 quod
1767 477 1913 527 aqua

232 537 518 588 vivificare
556 536 776 587 videtur
817 537 1003 587 omnia
1041 542 1096 587 et
1133 536 1343 599 absque
1381 549 1448 587 ea
1484 537 1671 588 vivere
1706 537 1776 588 sit
1813 538 1915 588 im·
1961 546 1982 580 5

234 611 512 674 possibile,
548 611 646 662 sed
682 611 869 661 omnia
905 610 1183 662 deficiant.
1230 610 1371 661 Nam
1406 610 1541 661 nihil
1574 611 1785 675 absque
1812 626 1912 662 nu-

232 686 487 736 trimento
518 686 705 736 vivere
738 690 948 748 putant.
992 684 1162 748 Igitur
1193 685 1435 735 animam
1467 684 1650 736 dicent
1677 691 1732 737 et
1755 699 1912 737 escas

232 774 438 810 omnes.
495 758 699 810 Contra
744 773 883 822 quos
929 759 1222 810 dicendum
1269 773 1391 810 cum
1434 759 1610 811 multa
1651 759 1912 811 animalia

232 834 339 884 sint
375 848 485 885 non
523 834 782 892 bibentia,
819 840 879 884 ut
916 833 985 884 de
1023 834 1356 896 quibusdam
1393 834 1593 897 aquilis
1626 834 1824 886 dicitur
1858 839 1912 886 et

232 908 561 971 perdicibus,
598 908 923 971 possintque
956 909 1143 958 vivere
1178 907 1388 970 absque
1425 913 1574 970 potu,
1610 921 1704 959 cur
1734 908 1915 972 magis
1941 915 1982 952 1⁰

230 997 374 1046 aqua
409 982 510 1033 erit
546 983 746 1040 anima,
784 997 948 1045 quam
985 984 1117 1033 aer?
1162 982 1248 1032 Ab
1283 997 1429 1046 aqua
1459 997 1697 1046 namque
1731 983 1910 1046 possi-

230 1057 336 1107 bile
367 1062 451 1107 est
481 1057 757 1107 abstinere
787 1058 842 1107 in
874 1056 1119 1120 longum,
1150 1056 1409 1107 anhelare
1439 1070 1571 1108 vero
1598 1070 1780 1108 aerem
1809 1071 1911 1108 nec

230 1145 325 1193 per
359 1131 654 1182 modicum.
701 1130 810 1181 Sed
845 1145 946 1181 nec
979 1145 1072 1182 aer
1105 1136 1190 1182 est
1222 1131 1422 1181 anima.
1463 1130 1639 1183 Multa
1670 1145 1908 1195 namque

229 1211 356 1255 sunt
395 1205 654 1263 viventia,
698 1205 796 1256 sed
837 1219 1020 1256 aerem
1062 1219 1173 1256 non
1214 1205 1545 1263 anhelantia,
1585 1205 1738 1257 velut
1772 1219 1907 1270 apes

227 1285 280 1329 et
325 1279 549 1342 sphikes
594 1284 647 1330 et
692 1279 957 1330 formicae
1001 1285 1055 1330 et
1099 1279 1310 1343 reliqua
1353 1294 1464 1330 non
1506 1280 1812 1344 sanguinea
1851 1286 1908 1332 et
1937 1286 1979 1323 ¹⁵

227 1354 562 1405 marinorum
609 1354 784 1405 multa
829 1359 882 1405 et
929 1354 1115 1404 omnia
1162 1368 1539 1417 quaecumque
1586 1353 1904 1417 pulmonem

227 1442 335 1479 non
375 1428 594 1479 habent.
646 1427 872 1478 Nullum
912 1442 1150 1491 namque
1189 1428 1508 1491 pulmonem
1549 1442 1658 1479 non
1696 1429 1905 1480 habens

225 1502 447 1553 anhelat
478 1516 676 1560 aerem,
712 1502 861 1566 quod
895 1508 949 1553 et
982 1502 1332 1553 convertitur.
1378 1502 1519 1569 Nam
1552 1502 1764 1553 nullum
1791 1517 1902 1554 non

225 1575 490 1628 anhelans
550 1590 732 1627 aerem
794 1576 1113 1640 pulmonem
1173 1576 1353 1627 habet.
1456 1575 1599 1633 Quia
1657 1590 1790 1627 vero
1849 1582 1903 1628 et

224 1649 554 1700 Cleanthi·
585 1649 753 1701 Stoici
793 1655 845 1700 et
883 1649 1262 1713 Chrysippi
1314 1649 1623 1700 referuntur
1661 1649 1901 1701 rationes
1929 1657 1974 1693 2⁰

223 1724 511 1787 quaedam,
552 1725 941 1788 exponendum
985 1730 1069 1775 est
1107 1725 1302 1775 harum
1345 1724 1665 1782 solutiones,
1705 1730 1767 1775 ut
1803 1738 1900 1776 eas

137 1809 193 1850 23
225 1799 599 1850 dissolverunt
643 1799 925 1850 Platonici.
1030 1798 1070 1849 C
1085 1799 1098 1847 l
1116 1812 1145 1849 e
1160 1813 1193 1848 a
1206 1813 1241 1849 n
1255 1804 1276 1850 t
1290 1799 1323 1849 h
1339 1813 1368 1850 e
1384 1813 1410 1849 s
1452 1812 1692 1862 namque
1735 1798 1901 1850 talem

294 1978 319 2018 2
352 1979 511 2020 malim
544 1979 703 2026 astaki,
742 1979 798 2030 cf.
830 1991 978 2031 supra
1011 1978 1206 2019 malakia
1399 1978 1425 2018 3
1462 1980 1575 2029 post
1606 1977 1761 2019 manif.
1792 1977 1903 2020 add.

218 2040 288 2078 est
320 2037 400 2079 CB
499 2041 545 2079 et
575 2049 665 2079 om.
696 2037 731 2079 A
936 2037 963 2078 4
1003 2039 1202 2078 animam
1234 2038 1347 2079 ante
1378 2048 1544 2087 aquam
1573 2048 1686 2088 pon.
1717 2036 1846 2079 PCB

218 2097 244 2136 5
275 2097 399 2138 vivif.
429 2097 522 2139 vid.
555 2099 738 2149 transp.
769 2097 804 2138 A
909 2097 936 2137 6
967 2096 1085 2137 Nam
1116 2097 1154 2138 Β
1185 2096 1278 2138 Sed
1309 2096 1357 2137 M
1448 2097 1473 2137 7
1517 2107 1577 2137 an
1609 2096 1696 2138 dic.
1727 2097 1777 2137 ἰη
1806 2096 1904 2147 fine

217 2158 375 2197 enunt.
408 2168 521 2207 pon.
552 2157 592 2197 D
716 2156 870 2198 dicent
899 2156 978 2197 PA
1026 2157 1182 2197 dicunt
1211 2156 1250 2196 Β
1289 2156 1345 2205 ἐς
1379 2156 1536 2197 dicunt
1566 2151 1691 2204 (esse
1721 2156 1811 2197 del.
1843 2167 1902 2196 m.

218 2213 345 2265 1-2)
381 2215 419 2257 C
566 2215 593 2255 9
625 2216 716 2257 sint
747 2228 836 2258 om.
867 2216 906 2256 Β
980 2215 1145 2266 aliquis
1179 2214 1218 2257 C
1359 2214 1416 2255 m
1444 2217 1730 2264 possuntque
1758 2213 1847 2256 AC

215 2272 409 2325 absque]
434 2275 536 2317 sine
562 2274 600 2316 C
691 2274 740 2316 11
777 2286 899 2325 aqua
922 2275 1005 2316 erit
1028 2277 1211 2325 transp.
1235 2274 1270 2315 A
1367 2273 1420 2315 12
1452 2275 1567 2314 abst.
1591 2275 1704 2315 ante
1725 2273 1899 2322 possib.

213 2346 323 2383 pon.
355 2334 413 2380 P;
448 2336 647 2385 exspect.
684 2335 731 2375 in
763 2334 888 2385 long.
922 2335 1095 2384 possib.
1129 2334 1244 2375 abst.
1278 2329 1371 2382 (ἐπὶ
1400 2329 1519 2372 πολὺ
1552 2328 1755 2372 δυνατὸν
1786 2329 1898 2371 ἀπο-

216 2389 412 2443 (χέεθαι)
474 2390 682 2444 longum]
719 2394 834 2435 locis
863 2393 898 2435 A
947 2404 1106 2435 aerem
1132 2404 1221 2433 om.
1252 2392 1291 2433 B
1362 2391 1416 2433 13
1447 2402 1529 2442 per
1557 2391 1837 2433 inmodicum
1862 2392 1900 2433 13

216 2453 262 2492 in
295 2453 611 2502 permodicum
644 2453 717 2494 Ho
813 2451 867 2492 14
907 2454 1020 2504 post
1050 2452 1315 2493 anhelantia
1345 2453 1390 2493 d.
1415 2452 1445 2492 ἰ.
1469 2463 1510 2492 υ.
1543 2446 1608 2489 ὡ(
1638 2445 1696 2488 τὰ
1728 2446 1898 2499 ἔντομα
1931 2505 1933 2507 ³

213 2507 366 2550 πάντα
437 2510 577 2562 velut]
611 2515 661 2553 ut
690 2512 724 2553 A
851 2511 904 2552 15
937 2515 983 2552 et
1013 2511 1202 2561 sphikes
1231 2510 1305 2551 Ho
1337 2513 1383 2552 et
1413 2509 1553 2550 sfikes
1576 2510 1659 2550 ΡΒ
1689 2512 1735 2550 et
1764 2508 1898 2550 silkia

217 2569 254 2611 C
282 2582 370 2611 om.
402 2570 436 2612 A
645 2570 815 2611 16—17
857 2572 1013 2612 omnia
1045 2566 1384 2621 quae(cumque
1414 2580 1560 2619 supra
1593 2579 1710 2610 vers.
1741 2569 1896 2620 suppl.

215 2640 272 2668 m.
296 2626 340 2678 2)
375 2660 385 2670 .
411 2661 420 2670 .
454 2630 628 2672 habent
661 2629 699 2671 C
726 2630 883 2672 omnia
915 2661 924 2670 .
952 2661 962 2670 .
995 2630 1214 2671 habentia
1243 2628 1282 2669 Β
1382 2638 1702 2678 quaecumque
1734 2657 1745 2668 .
1770 2657 1783 2668 .
1813 2627 1895 2669 ha-

215 2688 371 2728 bentia
399 2688 434 2729 A
498 2688 661 2730 Nullus
691 2690 729 2730 Β
822 2688 877 2729 19
908 2700 1014 2730 aera
1042 2689 1078 2730 A
1143 2684 1278 2736 Quia]
1313 2686 1451 2732 Quod
1479 2686 1514 2727 A
1609 2685 1665 2726 20
1696 2686 1894 2728 cleanthi

214 2742 399 2794 (cleantl
426 2744 480 2797 C)
512 2749 645 2789 stoici
669 2747 756 2790 PC
784 2748 951 2798 cleanti
982 2745 1151 2799 (supra
1175 2757 1203 2788 e
1233 2747 1369 2795 delet.
1388 2757 1416 2786 o
1440 2757 1528 2787 scr.
1546 2757 1603 2786 m.
1623 2742 1666 2795 1)
1686 2745 1895 2796 ‚stoyciss

214 2805 271 2846 de
304 2805 375 2846 his
408 2807 636 2848 antistoici
666 2807 718 2853 A,
750 2809 860 2857 fort.
895 2798 1198 2860 Cleanthi<s>
1233 2805 1372 2845 Stoici
1405 2816 1506 2846 cum
1538 2804 1607 2855 139
1698 2803 1750 2846 21
1781 2805 1894 2855 post

213 2864 439 2912 quaedam
472 2866 516 2906 d.
541 2866 570 2906 ἰ.
597 2877 637 2906 υ.
669 2862 756 2904 οὐκ
787 2862 1189 2917 εὐκαταφρόνητοι
1286 2874 1368 2906 eos
1392 2863 1429 2904 Β
1542 2862 1596 2904 22
1628 2863 1833 2906 cleantes
1854 2862 1893 2905 B

211 2923 416 2964 dicentes
439 2923 473 2964 A
