1982 3172
206 76 275 124 56
573 68 829 115 NEMESII
864 68 1179 115 PREMNON
1213 67 1545 117 PHYSICON

207 203 483 255 divisibile
506 205 809 255 secundum
835 211 1045 268 partem
1069 205 1232 257 locali
1255 207 1757 271 circumscriptione
1778 224 1888 260 non

205 283 345 342 eget.
395 277 559 335 Quod
598 280 743 330 enim
784 286 995 342 partem
1032 295 1144 331 non
1183 280 1363 340 habet,
1402 297 1512 345 quo
1544 289 1727 346 potest
1765 283 1888 335 loco

206 353 614 405 circumscribi?
649 354 828 405 Locus
853 355 999 405 enim
1029 361 1236 418 quanto
1263 355 1527 409 subsistit.
1566 356 1706 408 Nam
1734 357 1889 409 locus

206 433 290 479 est
333 429 598 480 terminus
645 429 1102 481 circumhabentis
1147 430 1449 482 secundum
1495 446 1655 494 quem
1702 433 1890 484 circuit

119 512 174 553 23
207 503 676 554 circumhabitum.
710 503 926 559 Quodsi
950 505 1072 567 quis
1096 505 1317 556 dixerit:
1341 505 1489 569 ‘ergo
1511 511 1564 557 et
1586 506 1890 558 inAlexan-
1936 517 1959 551 5

207 577 326 627 dria
361 583 415 628 et
451 578 506 627 in
546 577 719 628 Roma
753 584 808 629 et
844 578 1048 641 ubique
1085 585 1168 630 est
1198 593 1322 630 mea
1358 577 1575 639 anima',
1609 582 1888 644 continget

206 666 332 701 eum
362 651 543 702 locum
575 653 771 703 iterum
805 653 998 704 dicere.
1041 653 1181 703 Nam
1213 659 1267 705 et
1297 654 1446 717 quod
1469 655 1524 704 in
1553 654 1890 706 Alexandria

207 731 262 776 et
298 726 523 777 omnino
562 727 636 777 ibi
676 733 729 778 et
766 728 839 778 ibi
879 727 1033 778 locus
1071 734 1169 779 est.
1213 728 1321 780 Sed
1361 730 1585 780 omnino
1618 730 1803 780 anima
1834 730 1890 780 in

208 799 332 851 loco
355 815 465 851 non
491 806 589 859 est,
614 802 720 852 nisi
745 802 799 851 in
826 803 1199 853 coexistentia.
1236 802 1603 854 Monstratum
1623 809 1707 855 est
1730 805 1890 862 enim,

121 885 176 925 24
210 875 359 938 quod
395 875 517 926 loco
554 877 944 939 comprehendi
980 891 1091 928 non
1127 879 1319 941 possit.
1369 878 1605 934 Quando
1641 879 1809 942 igitur
1837 879 1891 929 in
1919 887 1962 923 10

211 951 572 1001 coexistentia
614 950 718 1002 loci
762 951 995 1003 alicuius
1040 953 1329 1016 contigerit
1371 966 1493 1003 esse
1537 953 1893 1016 intellegibile

210 1029 306 1075 aut
345 1025 421 1076 rei
461 1026 517 1075 in
558 1024 681 1076 loco
720 1027 1023 1085 existentis,
1064 1027 1331 1078 usualiter
1372 1027 1606 1078 dicimus
1640 1027 1777 1078 illud
1818 1027 1891 1078 ibi

207 1113 331 1149 esse
357 1105 582 1163 propter
607 1106 790 1151 actum
816 1101 935 1151 eius
959 1101 1033 1151 ibi
1063 1109 1362 1164 ostensum,
1387 1105 1569 1155 locum
1597 1119 1694 1167 pro
1717 1106 1895 1156 coexi-

212 1174 411 1225 stentia
432 1179 487 1225 et
511 1175 833 1237 operatione
857 1176 1203 1238 accipientes.
1238 1175 1497 1237 Oportuit
1519 1177 1666 1226 enim
1690 1175 1893 1227 dicere:

122 1257 176 1298 25
212 1246 306 1302 ‘ibi
332 1247 619 1315 operatur’,
654 1258 706 1303 et
731 1253 982 1303 dicimus:
1018 1246 1112 1303 ‘ibi
1140 1247 1255 1307 est'.
1342 1252 1612 1304 Convenit
1637 1253 1893 1317 equidem
1920 1257 1963 1294 ¹⁵

214 1322 349 1373 haec
386 1323 526 1374 ratio
569 1323 868 1386 perfectius
908 1329 960 1374 et
999 1324 1239 1374 maxime
1280 1324 1333 1373 in
1375 1324 1577 1375 unione
1614 1323 1767 1375 verbi
1805 1323 1892 1374 dei

211 1397 282 1447 ad
316 1397 611 1455 hominem,
647 1412 743 1461 per
779 1413 942 1461 quam
978 1399 1190 1449 unitum
1226 1399 1428 1450 mansit
1461 1398 1814 1450 inconfusum
1841 1404 1895 1450 et

124 1480 179 1521 26
212 1475 745 1539 incomprehensum,
771 1490 882 1527 non
913 1473 1214 1523 secundum
1253 1473 1470 1524 animae
1505 1473 1749 1523 modum.
1797 1472 1895 1524 Illa

213 1561 449 1611 namque
486 1547 728 1598 existens
767 1561 973 1605 eorum,
1013 1561 1153 1610 quae
1190 1546 1638 1610 multiplicantur,
1676 1547 1895 1598 videtur

212 1622 452 1685 compati
485 1622 700 1685 corpori
734 1620 1152 1684 quomodolibet
1184 1635 1280 1684 per
1310 1622 1702 1684 proprietatem
1733 1626 1788 1672 et
1817 1626 1894 1672 te·
1918 1629 1964 1664 2⁰

127 1704 179 1744 27
213 1709 341 1747 nere
366 1696 700 1759 quandoque
725 1702 779 1747 et
804 1697 990 1747 teneri.
1027 1695 1177 1747 Deus
1203 1701 1386 1747 autem
1411 1695 1641 1746 verbum
1660 1696 1715 1746 in
1740 1694 1894 1748 nullo

213 1785 246 1820 a
281 1771 776 1822 communicatione
815 1771 1060 1834 corporis
1097 1776 1151 1821 et
1185 1771 1401 1821 animae
1437 1775 1682 1821 mutatus
1717 1783 1894 1833 neque

216 1845 551 1908 participans
575 1845 795 1895 illorum
821 1845 1157 1903 infirmitate,
1183 1844 1280 1895 sed
1305 1844 1611 1895 concedens
1635 1844 1715 1895 eis
1739 1857 1894 1896 suam

217 1919 562 1971 divinitatem
593 1919 772 1971 factus
804 1925 887 1970 est
920 1933 1041 1970 cum
1072 1919 1208 1982 ipsis
1240 1934 1425 1976 unum,
1457 1932 1686 1969 manens
1710 1933 1895 1976 unum,

130 2001 184 2042 28
218 1994 367 2057 quod
398 2000 514 2045 erat
544 2000 670 2045 ante
701 1995 975 2045 unionem.
1017 1993 1211 2044 Novus
1242 1994 1427 2056 itaque
1457 1998 1541 2044 est
1563 1994 1667 2044 iste
1696 1992 1897 2044 modus
1922 1998 1966 2034 25

218 2069 489 2119 mixturae
523 2074 577 2119 et
612 2069 832 2119 unionis
868 2074 922 2119 et
956 2069 1338 2120 commiscetur
1374 2073 1427 2118 et
1460 2072 1646 2119 manet
1673 2066 1898 2119 omnino

220 2143 609 2194 incommixtus
652 2149 706 2194 et
748 2143 1074 2194 inconfusus
1119 2148 1172 2193 et
1215 2143 1564 2205 incorruptus
1608 2146 1662 2192 et
1705 2142 1898 2192 immu-

219 2223 381 2275 tatus,
424 2231 534 2269 non
580 2218 935 2280 compatiens,
982 2217 1078 2268 sed
1123 2231 1427 2279 cooperans
1487 2215 1665 2266 solum
1720 2228 1896 2278 neque

292 2427 318 2467 6
352 2438 455 2468 mea
486 2438 559 2467 an.
593 2429 774 2478 transp.
807 2427 844 2468 Β
966 2427 989 2466 7
1024 2430 1069 2468 et
1100 2439 1189 2468 om.
1221 2426 1304 2467 AB
1433 2425 1459 2465 8
1491 2421 1636 2472 locus]
1670 2423 1774 2463 loco
1806 2423 1840 2463 A

219 2487 245 2527 9
277 2495 363 2527 *co
395 2488 640 2528 existentia
671 2499 726 2528 ex
758 2498 850 2536 quo
883 2487 1127 2527 existentia
1157 2497 1275 2527 corr.
1300 2478 1360 2526 Ρ2
1391 2486 1444 2525 at
1474 2484 1581 2532 vid„
1614 2484 1775 2524 eadem
1801 2493 1902 2523 cor-

220 2547 363 2587 rectio
397 2550 571 2586 13—14
698 2549 768 2587 est
806 2547 927 2588 enim
970 2548 1154 2597 tran-3122
1186 2545 1221 2585 A
1404 2542 1453 2583 11
1497 2539 1686 2592 continf}
1716 2541 1752 2582 A
1793 2551 1902 2582 con-

219 2606 365 2655 tingat
395 2605 432 2646 B
569 2605 622 2646 13
654 2603 735 2656 ibi]
774 2602 802 2648 7
834 2606 869 2647 A
1010 2605 1063 2645 14
1096 2604 1422 2654 cooperati-one
1454 2602 1488 2643 A
1629 2600 1682 2641 15
1715 2603 1760 2642 et
1791 2600 1900 2640 dici-

222 2675 321 2704 mus
353 2676 408 2705 ex
439 2665 632 2705 dicimus
663 2669 710 2706 et
739 2677 858 2706 corr.
889 2658 950 2705 Ρ2
1011 2663 1285 2706 Conveniret
1316 2662 1500 2712 quidem
1531 2660 1620 2709 Ho,
1656 2660 1818 2710 potius
1849 2669 1904 2699 ex

220 2735 433 2765 sermone
465 2725 735 2776 interpretis
769 2724 1025 2766 Conveniet
1056 2724 1242 2774 quidem
1424 2720 1479 2760 16
1510 2720 1623 2760 ratio
1655 2719 1771 2759 haec
1804 2727 1902 2767 Per-

222 2783 359 2824 fectui
390 2782 424 2823 A
596 2784 650 2825 19
679 2784 906 2827 videretur
936 2783 971 2824 A
1124 2781 1180 2823 20
1212 2791 1293 2831 per
1322 2792 1412 2821 om.
1444 2779 1481 2820 B
1630 2776 1686 2818 23
1718 2776 1904 2818 infirmi-

222 2843 302 2883 tati
333 2842 371 2883 Β
461 2843 560 2883 eius
591 2844 627 2885 A
749 2843 806 2884 24
838 2846 908 2885 est
938 2855 1027 2885 om.
1059 2843 1099 2884 Β
1217 2840 1272 2881 25
1308 2834 1466 2881 Ηπιοᾱ.
1499 2838 1622 2878 mixt.
1651 2830 1778 2885 (siste
1808 2835 1849 2877 Ρ

225 2901 279 2941 27
312 2901 483 2942 inconi.
515 2905 560 2943 et
592 2904 805 2945 incomm.
837 2899 1000 2959 (naa)
1032 2901 1064 2944 A
