1982 3172
168 68 255 116 ΑΒ
287 65 553 114 ALFANO
589 66 654 112 {N
687 64 979 114 LATINUM
1012 62 1452 109 TRANSLATUM
1488 62 1627 108 CAP.
1655 63 1671 107 1
1737 72 1792 118 11

109 219 242 270 pore
280 205 465 257 anima
504 204 689 262 utitur,
728 208 788 254 ut
825 203 1072 259 virtutes,
1112 202 1248 252 haec
1284 214 1417 252 vero
1452 207 1580 252 sunt
1619 201 1792 252 solius

107 280 325 348 animae
360 278 665 330 secundum
703 278 882 341 ipsam
917 276 1094 328 solam
1131 289 1363 338 corpore
1397 289 1508 326 non
1544 275 1795 338 indigen-

110 361 233 413 tem,
275 359 335 405 ut
377 352 665 404 beatitudo
706 357 760 404 et
799 352 1154 403 existentium
1198 349 1610 413 contemplatio.
1664 349 1795 406 Qui·
1835 359 1891 399 3ο

109 436 343 491 cumque
383 428 550 491 igitur
590 427 830 478 hominis
870 427 1042 477 vitam
1084 431 1143 477 ut
1182 425 1423 476 hominis
1463 425 1651 475 vivere
1687 424 1794 475 ele-

23 514 85 552 ..5
107 504 287 567 gerint
321 508 375 554 et
405 516 517 554 non
553 508 614 553 ut
648 507 863 553 tantum
898 499 1170 558 animalis,
1205 499 1276 550 a‘d
1308 500 1566 551 virtutem
1606 512 1797 562 perve-

108 578 266 631 niunt
291 583 345 628 et
371 576 442 627 ad
469 575 885 627 beatitudinem.
924 574 1033 626 Sed
1062 588 1203 637 quae
1229 574 1300 625 ad
1323 575 1556 625 virtutes
1583 587 1795 637 quaeve
1836 583 1886 623 3ι

107 651 179 702 ad
209 651 608 703 beatitudinem
639 651 973 713 pertineant„
991 650 1046 699 in
1077 649 1436 712 sequentibus
1465 648 1796 700 determina-

107 726 267 783 bitur,
293 740 416 776 cum
442 725 510 776 de
534 726 720 782 anima
744 730 798 775 et
823 738 1054 787 corpore
1078 723 1485 775 reddiderimus
1507 724 1794 774 rationem.

110 800 305 864 Ignoto
347 813 586 863 namque
631 798 764 862 quid
809 800 879 850 sit
922 805 1112 850 nostra
1154 799 1355 855 anima,
1398 799 1793 849 inconveniens

22 885 82 923 io
106 881 191 926 est
223 874 292 935 de
323 874 620 925 virtutibus
652 874 772 924 eius
806 873 1093 924 disserere.
1197 872 1499 923 Hebraei
1533 886 1665 923 vero
1698 873 1795 922 ho·
1835 883 1891 923 32

108 949 309 999 minem
349 949 404 999 in
446 948 716 1011 principio
756 961 858 998 nec
895 948 1186 999 mortalem
1227 946 1523 998 manifeste
1563 960 1663 997 nec
1697 948 1794 996 im-

108 1022 396 1074 mortalem
437 1023 645 1074 iactum
681 1036 804 1074 esse
843 1022 1103 1080 fatentur,
1143 1022 1242 1072 sed
1282 1023 1337 1072 in
1375 1022 1560 1073 medio
1596 1023 1797 1072 utrius-

106 1111 212 1160 que
242 1103 471 1150 naturae
501 1098 577 1148 ita
606 1097 846 1160 quidem,
876 1102 936 1148 ut
965 1098 1010 1148 si
1040 1096 1358 1160 corporales
1382 1098 1630 1148 imitatus
1659 1096 1795 1146 iuis-

107 1178 190 1223 set
223 1172 529 1234 passiones,
564 1172 946 1234 corporalibus
979 1171 1244 1222 incideret
1278 1171 1794 1234 permutationibus,

37 1257 81 1294 15
108 1247 154 1297 si
182 1252 369 1307 autem
396 1247 613 1297 animae
635 1246 936 1297 meditatus
965 1246 1164 1297 fuisset
1194 1246 1356 1304 bona,
1384 1245 1798 1296 immortalitate

107 1321 422 1372 donaretur.
464 1320 605 1371 Nam
633 1322 678 1372 si
709 1322 765 1371 in
797 1322 1068 1384 principio
1099 1320 1390 1372 mortalem
1419 1334 1546 1371 eum
1574 1320 1797 1372 fecisset
1835 1331 1890 1371 33

107 1395 260 1454 deus,
298 1409 649 1458 nequaquam
684 1402 1002 1459 peccantem
1042 1401 1220 1446 morte
1259 1395 1547 1446 damnaret
1588 1394 1796 1458 (nullus

105 1470 308 1522 etenim
342 1470 632 1521 mortalem
668 1469 1006 1521 mortalitate
1041 1468 1309 1534 infestat),
1346 1471 1390 1520 si
1427 1484 1560 1521 vero
1595 1471 1792 1521 iterum

106 1544 489 1602 immortalem,
525 1558 876 1608 nequaquam
914 1546 1252 1595 nutrimento
1289 1559 1415 1595 eum
1453 1545 1793 1608 indigentem

34 1625 314 1670 merearet
360 1617 594 1682 (nullum
639 1620 785 1670 enim
845 1619 1240 1670 immortalium
1301 1633 1569 1682 corporeo
1625 1621 1795 1670 nutri-

107 1699 292 1744 mento
327 1691 578 1757 indiget),
614 1707 791 1757 neque
827 1695 906 1745 sic
939 1693 1102 1745 facile
1138 1695 1516 1757 paenituisset,
1552 1695 1650 1745 sed
1681 1694 1794 1745 fac-

105 1774 220 1818 tum
257 1768 623 1819 immortalem
664 1768 957 1820 confestim
995 1769 1286 1820 mortalem
1325 1766 1636 1834 ieci<sse>t.
1686 1769 1792 1820 Ne·
1834 1780 1889 1820 34

103 1855 209 1903 que
240 1842 386 1893 enim
418 1843 472 1892 in
505 1843 862 1906 peccantibus
894 1843 1108 1907 angelis
1142 1843 1247 1894 hoc
1271 1845 1537 1906 apparuit
1564 1843 1789 1898 factum.
1867 1885 1870 1888 ⁴

103 1915 203 1966 sed
248 1916 401 1967 iuxta
447 1918 806 1980 principalem
850 1924 1106 1969 naturam
1151 1918 1493 1969 immortales
1539 1932 1791 1981 perman-

176 2079 202 2120 2
235 2091 329 2121 non
363 2060 464 2122 Μιῖ
498 2078 562 2130 (--
578 2080 686 2132 nisi)
718 2083 757 2123 B
856 2083 882 2124 3
914 2087 964 2123 ut
995 2084 1042 2124 M
1073 2088 1121 2123 ut
1153 2088 1198 2124 et
1229 2084 1268 2124 Β
1351 2084 1378 2123 4
1412 2084 1547 2133 igitur
1578 2096 1668 2124 om.
1700 2084 1739 2123 Β

99 2140 338 2190 elegerunt
368 2141 407 2180 B
550 2141 576 2181 5
609 2145 654 2182 et
686 2153 780 2182 non
812 2146 862 2183 ut
892 2142 939 2183 M
971 2153 1066 2183 non
1099 2143 1137 2183 Β
1199 2144 1412 2183 animalis
1444 2144 1483 2183 Ρ
1513 2155 1540 2183 a
1574 2144 1706 2184 malis
1741 2144 1795 2187 D.

95 2201 211 2249 post
241 2200 358 2241 haec
390 2203 501 2243 add.
535 2201 751 2243 recedant
781 2201 816 2242 A
933 2202 960 2242 6
993 2206 1038 2242 et
1070 2203 1116 2243 Μ
1148 2204 1233 2243 sed
1266 2206 1311 2244 et
1342 2203 1380 2243 Β
1442 2199 1639 2252 quaeve]
1676 2214 1797 2252 quae

99 2255 179 2299 ιἰΑ
247 2258 301 2298 10
334 2264 403 2300 est
419 2273 508 2302 om.
526 2259 560 2301 Α
618 2263 733 2311 post
755 2259 978 2303 disserere
1002 2263 1155 2303 exhib.
1175 2265 1417 2313 tamquam
1444 2263 1797 2313 inscriptionem

100 2316 171 2359 De
196 2317 355 2360 Ebreis
371 2320 411 2361 Ρ
433 2321 487 2346 *¹*
505 2317 619 2369 (litt.
634 2321 740 2361 circ.
753 2324 808 2361 27
831 2319 869 2362 C
899 2324 948 2361 18
971 2320 1005 2361 Α
1044 2327 1067 2362 7
1088 2319 1145 2371 Β)
1179 2322 1219 2362 D
1299 2317 1494 2373 hoemss
1521 2322 1797 2371 inprincipio

100 2373 242 2426 (eras.
275 2376 342 2429 in)
376 2380 414 2420 Ρ
514 2379 562 2420 11
602 2379 790 2420 mortale
825 2379 863 2421 C
954 2380 1008 2421 12
1041 2392 1146 2422 esse
1178 2383 1396 2432 duplicat
1429 2381 1467 2422 C
1525 2381 1722 2426 fatentur
1753 2381 1799 2420 M

100 2439 321 2478 testantur
343 2439 382 2479 Β
475 2440 528 2480 13
561 2439 823 2489 corporales
848 2439 895 2480 Μ
920 2441 1132 2482 mortales
1157 2442 1195 2481 B
1288 2441 1342 2480 14
1367 2441 1683 2490 corporalibus
1709 2442 1798 2481 inc.

103 2499 514 2544 permutationibus
547 2501 585 2540 Ρ
614 2499 877 2547 corporales
910 2500 998 2540 inc.
1033 2501 1394 2549 permutationes
1422 2498 1504 2541 CB
1536 2501 1798 2549 corporales

102 2554 191 2595 inc.
223 2558 467 2605 passiones
498 2559 533 2599 Α
624 2558 676 2598 15
711 2558 956 2599 meditatus
988 2559 1034 2599 M
1067 2561 1267 2600 imitatus
1291 2559 1329 2599 B
1390 2560 1515 2599 bona
1540 2560 1578 2599 Ρ
1608 2560 1733 2600 dona
1757 2559 1797 2600 D

164 2613 216 2653 17
247 2619 361 2666 post
391 2629 685 2668 nequaquam
719 2620 831 2659 add.
866 2619 1142 2660 nutrimento
1169 2630 1273 2659 eum
1300 2619 1586 2669 indigentem
1612 2623 1798 2664 crearet.

99 2675 185 2714 sed
216 2675 341 2716 ltnea
373 2678 500 2728 infra
533 2680 677 2719 ducta
710 2679 826 2726 del.,·
859 2679 1022 2718 eadem
1055 2680 1199 2719 verba
1234 2679 1484 2719 immutato
1517 2680 1620 2719 ord.
1649 2680 1798 2730 paulo

100 2733 228 2783 infra
262 2735 371 2776 hab.
403 2737 437 2777 A
506 2737 559 2777 18
591 2734 780 2786 etenim]
814 2738 936 2778 enim
970 2736 1004 2777 Α
1070 2739 1260 2778 mortale
1292 2738 1330 2778 Β
1393 2737 1447 2777 19
1479 2749 1585 2779 eum
1619 2739 1797 2778 nutrim.

100 2792 244 2843 indig.
278 2799 449 2836 crearet
480 2794 590 2845 (hoc
621 2794 745 2846 ord.)
776 2797 810 2838 A
846 2797 1123 2838 nutrimento
1156 2798 1383 2847 indigeret
1415 2797 1453 2837 Β
1530 2797 1586 2837 20
1624 2798 1796 2838 nullum

102 2856 156 2878 ’-
190 2851 241 2892 21
279 2853 455 2904 indiget
485 2866 575 2896 om.
610 2856 646 2896 Β
729 2856 781 2896 21
817 2856 901 2896 sed
934 2856 980 2896 M
1011 2857 1050 2896 si
1084 2856 1121 2896 Β
1152 2860 1197 2897 et
1229 2852 1342 2906 (καὶ)
1376 2856 1448 2897 Ηο
1537 2857 1592 2897 22
1626 2852 1797 2909 ieci<s-

100 2905 208 2964 se>t
239 2924 295 2953 ex
326 2913 433 2954 iecit
464 2926 583 2956 corr.
618 2922 645 2966 p
677 2915 785 2956 iecit
818 2915 859 2956 Ο
