1982 3172
223 118 294 167 60
591 111 847 157 NEMESII
881 111 1101 158 PREMN
1105 110 1196 157 ΟΝ
1230 112 1554 160 PHYSICON

226 252 352 298 sunt
390 248 665 298 terrestria
704 253 757 298 et
796 249 1094 311 grossiora,
1136 248 1383 301 firmiora
1424 250 1620 303 fierent
1658 253 1903 304 membra

165 333 192 372 8
222 327 277 373 et
307 336 375 372 ex
409 322 754 373 mollioribus
788 322 1058 373 molliora.
1102 323 1458 376 Inveniuntur
1490 331 1673 377 autem
1706 327 1905 378 multo·

224 397 365 447 tiens
402 402 663 459 quattuor
699 397 960 448 humores
998 398 1053 447 in
1091 399 1375 461 sanguine,
1413 405 1474 450 ut
1510 406 1594 452 est
1623 401 1812 452 videre
1850 402 1903 451 in

226 470 633 533 phlebotomiiS,
691 471 992 535 aliquando
1054 472 1275 535 quidem
1335 487 1547 536 aquoso
1592 474 1906 539 phlegmate

225 545 541 596 abundante
568 546 623 595 in
651 546 792 609 ips0‚
822 546 1155 609 quandoque
1182 552 1366 598 autem
1395 548 1614 600 cholera
1640 550 1799 613 nigra
1817 550 1906 601 vel
1953 565 1976 600 5

226 619 419 677 rubea;
464 620 611 670 unde
657 621 915 671 videntur
962 621 1380 684 quomodolibet
1425 623 1734 674 adinvicem
1782 638 1907 675 con-

93 735 97 738 .
168 705 194 744 9
226 694 454 745 cordare
485 695 603 745 viri.
705 694 1078 746 Membrorum
1112 702 1296 747 autem
1329 698 1384 747 in
1417 697 1748 749 animalibus
1781 704 1909 750 sunt

226 769 361 819 haec
399 769 621 831 quidem
660 770 1017 828 homiomera‚
1057 771 1193 822 haec
1228 785 1361 822 vero
1401 786 1511 823 non
1550 772 1906 823 homiomera.

145 853 195 892 10
228 842 584 894 Homiomera
616 843 837 906 quidem
875 849 1002 895 sunt
1035 850 1095 896 ut
1131 845 1426 903 cerebrum,
1461 846 1754 909 miningae,
1788 860 1913 897 ner—

223 932 342 975 vus,
366 917 625 975 medulla,
651 933 729 976 os,
755 918 906 976 dens,
931 919 1211 983 cartilago,
1237 921 1534 978 suminosa‚
1560 921 1907 979 conexiones,
1934 934 1976 970 10

226 995 516 1058 panniculi,
554 997 686 1055 ines,
725 993 836 1055 pili,
878 993 1134 1056 ungulae,
1179 1007 1384 1051 carnes,
1426 1007 1615 1051 venae,
1657 995 1903 1052 arteriae,

225 1066 360 1128 pori,
387 1067 645 1130 axungia,
678 1067 816 1118 cutis
846 1072 901 1118 et
932 1081 1072 1129 quae
1101 1067 1255 1118 velut
1283 1067 1555 1119 elementa
1583 1067 1898 1131 singulatim

226 1140 497 1191 habentur
515 1146 576 1192 ut
602 1142 844 1204 sanguiS,
871 1141 1173 1192 secundum
1202 1142 1351 1204 quod
1379 1143 1605 1205 sanguis
1630 1148 1714 1193 est
1734 1156 1905 1206 purus

226 1220 278 1265 et
298 1213 560 1277 phlegma
584 1220 638 1266 et
661 1215 882 1266 cholera
906 1216 1064 1278 nigra
1086 1221 1141 1266 et
1165 1215 1348 1266 rubea.
1379 1215 1569 1267 Tenon
1593 1217 1737 1266 enim
1760 1229 1905 1266 com-

141 1299 186 1340 11
227 1289 442 1351 positus
457 1295 541 1340 est
554 1303 622 1340 ex
638 1290 934 1340 conexorio
950 1295 1003 1340 et
1017 1291 1270 1340 nervosis
1285 1291 1405 1340 inis.
1422 1290 1546 1341 Non
1560 1290 1902 1341 homiomera
1935 1305 1976 1340 15

224 1376 358 1413 vero
385 1368 512 1414 sunt
544 1369 723 1427 caput,
754 1364 965 1421 thorax,
997 1378 1209 1422 manUS‚
1242 1364 1413 1428 pedes
1442 1370 1496 1415 et
1522 1364 1631 1415 alia
1661 1364 1905 1415 membra

225 1437 479 1489 hominis
515 1437 639 1489 Non
668 1439 813 1488 enim
841 1439 895 1488 in
926 1443 1091 1501 caput
1120 1438 1385 1489 dividitur
1413 1444 1591 1501 caput,
1616 1444 1676 1490 ut
1702 1452 1904 1490 nervus

143 1524 193 1564 12
227 1513 280 1561 in
305 1526 536 1562 nervum
567 1517 621 1563 et
648 1526 792 1563 vena
822 1513 876 1562 in
906 1526 1105 1562 venam
1133 1518 1188 1563 et
1215 1526 1341 1562 caro
1372 1513 1426 1562 in
1453 1526 1686 1563 carnem.
1727 1511 1903 1564 Omne

215 1600 348 1637 vero
369 1600 482 1637 non
508 1586 911 1637 homiomerum
938 1600 1005 1637 ex
1032 1591 1386 1642 homiomeris
1411 1595 1635 1650 constat,
1660 1595 1719 1641 ut
1740 1595 1902 1654 caput

218 1675 285 1711 ex
321 1661 506 1712 nervis
547 1666 601 1712 et
639 1661 894 1711 carnibus
932 1666 987 1711 et
1025 1661 1246 1712 ossibus
1283 1667 1338 1712 et
1374 1659 1661 1718 similibus,
1695 1674 1897 1711 vocan-
1925 1676 1970 1711 20

136 1748 188 1788 13
221 1741 307 1786 tur
329 1740 514 1787 autem
540 1740 597 1786 et
621 1735 760 1785 haec
786 1735 1048 1798 organica
1074 1734 1131 1784 id
1157 1740 1243 1785 est
1266 1734 1548 1786 officialia.
1589 1734 1897 1798 Descriptio

219 1815 404 1860 autem
429 1823 635 1867 eorum,
667 1823 807 1872 quae
837 1814 965 1860 sunt
992 1809 1348 1866 homiomera‚
1378 1809 1514 1859 haec
1539 1814 1647 1859 est:
1673 1808 1898 1859 Homio-

222 1896 374 1934 mera
397 1889 538 1942 sunt,
568 1897 801 1947 quorum
830 1889 1014 1947 partes
1043 1883 1144 1934 toti
1173 1883 1500 1945 sibimetque
1528 1888 1655 1934 sunt
1679 1882 1899 1933 similes.

139 1971 190 2012 14
223 1957 412 2009 Simile
439 1972 573 2008 vero
607 1971 753 2008 nunc
784 1971 884 2021 pro
919 1957 1115 2008 eodem
1151 1962 1370 2020 oportet
1400 1958 1663 2020 accipere.
1775 1956 1899 2007 Non

222 2046 384 2083 omne
420 2046 554 2083 vero
595 2032 799 2082 animal
838 2032 1024 2082 omnia
1062 2031 1310 2082 membra
1349 2031 1595 2095 corporis
1635 2029 1898 2093 possidet.
1929 2045 1973 2080 25

224 2106 334 2158 Sedv
358 2111 485 2157 sunt
514 2106 786 2169 quaedam
815 2120 1006 2157 eorum
1037 2106 1334 2157 decurtata.
1375 2105 1524 2156 Haec
1548 2105 1749 2156 etenim
1775 2110 1901 2155 sunt

299 2227 318 2268 1
355 2228 597 2275 crossiora.
630 2227 829 2269 firmiora
860 2228 900 2268 P
928 2228 1129 2268 crosiora
1158 2227 1193 2269 A
1377 2226 1491 2266 5-6
1523 2237 1562 2266 c.
1595 2237 1625 2266 r.
1658 2226 1701 2266 l’,
1733 2222 1779 2266 ᾗ.
1811 2222 1908 2275 (his

223 2288 350 2328 notis
375 2289 421 2327 et
443 2288 533 2328 hoc
556 2283 679 2336 ord.)
711 2286 746 2328 A
869 2287 896 2327 6
929 2287 1194 2328 concordari
1228 2286 1261 2328 A
1387 2285 1411 2325 7
1445 2287 1550 2325 sunt
1576 2286 1691 2335 post
1721 2285 1905 2334 quidem

219 2358 331 2397 pon.
357 2346 390 2387 A
514 2346 541 2386 8
573 2339 880 2386 homiomera²
911 2358 1000 2386 om.
1026 2346 1059 2386 A
1186 2345 1235 2385 11
1273 2345 1505 2395 panniculi
1536 2355 1567 2384 u
1597 2340 1655 2394 (s.
1681 2355 1721 2384 υ.
1752 2345 1906 2395 suppl.

224 2418 281 2446 m.
312 2402 359 2456 2)
390 2406 429 2446 Ρ
517 2407 618 2447 ines
650 2417 739 2446 om.
772 2406 809 2446 Β
900 2406 979 2454 pili
1011 2406 1050 2445 P
1201 2404 1255 2444 14
1285 2415 1331 2444 n.
1371 2398 1411 2444 7.
1444 2414 1475 2444 r.
1507 2399 1602 2451 (his
1634 2399 1781 2452 notis)
1812 2403 1847 2444 A

223 2465 386 2506 Tenon
418 2466 466 2505 in
500 2477 593 2506 ras.
626 2458 686 2505 Ρ2
761 2461 901 2513 enim]
934 2474 1042 2505 vero
1074 2464 1107 2504 A
1187 2464 1468 2512 compositus
1501 2458 1542 2511 (s
1570 2463 1746 2513 poster.
1779 2473 1835 2503 ex
1865 2472 1908 2501 m

225 2536 343 2565 corr.
376 2536 434 2565 m.
469 2521 511 2575 1)
543 2525 584 2565 Ρ
613 2525 918 2574 compositum
952 2523 1035 2564 AB
1188 2522 1240 2562 15
1273 2522 1537 2563 conexiorio
1569 2521 1604 2562 A
1717 2522 1805 2561 inis
1835 2520 1909 2562 Ηο

226 2584 271 2623 in
304 2584 375 2623 his
403 2584 486 2624 ΡΒ
518 2585 564 2635 in
597 2584 669 2635 his
700 2584 836 2623 inmis
867 2583 901 2624 A
995 2578 1295 2630 homiomera]
1329 2580 1406 2622 oia
1435 2580 1469 2621 A
1606 2579 1658 2620 17
1692 2576 1908 2628 hominis]

226 2643 428 2691 corporis
459 2643 494 2683 A
566 2641 568 2643 ’
634 2642 688 2683 18
718 2653 839 2683 vena
870 2643 917 2683 in
947 2653 1113 2683 venam
1146 2644 1192 2682 et
1222 2652 1310 2681 om.
1342 2640 1377 2681 A
1511 2638 1566 2679 20
1599 2641 1644 2680 et
1675 2648 1767 2680 oss·
1798 2640 1909 2680 ante

227 2704 272 2742 et
302 2712 423 2742 carn.
444 2713 556 2752 pon.
582 2702 617 2743 A
762 2701 814 2742 21
850 2704 896 2743 et
926 2713 1015 2742 om.
1040 2701 1143 2749 AB,
1175 2701 1372 2750 exspect.
1401 2700 1514 2750 post
1544 2698 1660 2739 haec
1687 2699 1909 2749 positum,

227 2761 284 2811 cf.
315 2759 467 2799 ταῦτα
498 2758 572 2799 καὶ
693 2761 912 2811 organica
943 2760 991 2800 id
1022 2763 1092 2801 est
1123 2758 1341 2800 officialia
1370 2757 1452 2798 PA
1487 2757 1706 2798 officialia
1735 2756 1809 2798 vel
1841 2766 1910 2796 or-

227 2820 394 2870 ganica
416 2819 454 2860 B
574 2819 630 2861 23
661 2820 838 2870 totique
862 2820 930 2860 si*
957 2820 1098 2860 bimet
1129 2814 1269 2867 (eras.
1286 2818 1378 2859 vid.
1397 2813 1460 2867 m)
1491 2816 1526 2857 A
1650 2815 1705 2856 25
1737 2811 1909 2863 omnia]

228 2888 370 2920 causa
391 2878 426 2920 A
490 2889 625 2922 mem.
643 2890 767 2930 corp.
784 2881 968 2930 transp.
984 2878 1020 2920 A
1113 2877 1170 2918 26
1199 2870 1329 2918 sunt¹
1346 2877 1460 2928 post
1483 2875 1710 2926 quaedam
1729 2885 1843 2953 pon.
1859 2873 1911 2922 P,

226 2939 340 2989 post
361 2947 517 2979 eorum
543 2937 575 2978 A
603 2941 648 2979 et
673 2934 779 2987 (tex
795 2949 822 2979 a
839 2938 998 2980 ιιύυἰα.
1017 2949 1074 2980 m.
1090 2933 1135 2987 2)
1160 2936 1281 2977 enim
1300 2935 1339 2977 P
1360 2935 1481 2978 enim
1500 2934 1533 2976 A
1619 2937 1724 2979 sunt
1769 2944 1858 2976 om.
1875 2932 1908 2973 A
