<?xml version="1.0" encoding="UTF-8"?>
<!DOCTYPE html PUBLIC "-//W3C//DTD XHTML 1.0 Transitional//EN"
    "http://www.w3.org/TR/xhtml1/DTD/xhtml1-transitional.dtd">
<html xmlns="http://www.w3.org/1999/xhtml" xml:lang="en" lang="en">
 <head>
  <title>
</title>
<meta http-equiv="Content-Type" content="text/html;charset=utf-8" />
  <meta name='ocr-system' content='tesseract 3.04.00' />
  <meta name='ocr-capabilities' content='ocr_page ocr_carea ocr_par ocr_line ocrx_word'/>
</head>
<body>
  <div class='ocr_page' id='page_1' title='image "./nemesiiepiscopip00nemeuoft_0110.png"; bbox 0 0 1982 3172; ppageno 0'>
   <div class='ocr_carea' id='block_1_1' title="bbox 216 116 1542 177">
    <p class='ocr_par' dir='ltr' id='par_1_1' title="bbox 216 116 1542 177">
     <span class='ocr_line' id='line_1_1' title="bbox 216 116 1542 177; baseline 0.001 -11"><span class='ocrx_word' id='word_1_1' title='bbox 216 126 285 177; x_wconf 87' lang='grc'>94</span> <span class='ocrx_word' id='word_1_2' title='bbox 577 117 834 166; x_wconf 90' lang='lat' dir='ltr'>NEMESII</span> <span class='ocrx_word' id='word_1_3' title='bbox 867 119 1185 167; x_wconf 86' lang='lat' dir='ltr'>PREMNON</span> <span class='ocrx_word' id='word_1_4' title='bbox 1217 116 1542 167; x_wconf 86' lang='lat' dir='ltr'>PHYSICON</span> 
     </span>
    </p>
   </div>
   <div class='ocr_carea' id='block_1_2' title="bbox 132 258 1982 2175">
    <p class='ocr_par' dir='ltr' id='par_1_2' title="bbox 215 258 1982 394">
     <span class='ocr_line' id='line_1_2' title="bbox 216 258 1982 320; baseline 0.001 -12"><span class='ocrx_word' id='word_1_5' title='bbox 216 258 293 308; x_wconf 85' lang='lat' dir='ltr'>tia</span> <span class='ocrx_word' id='word_1_6' title='bbox 315 258 528 316; x_wconf 89' lang='lat' dir='ltr'>rationi,</span> <span class='ocrx_word' id='word_1_7' title='bbox 558 259 687 320; x_wconf 88' lang='lat' dir='ltr'>quia</span> <span class='ocrx_word' id='word_1_8' title='bbox 713 263 844 309; x_wconf 92' lang='lat' dir='ltr'>nata</span> <span class='ocrx_word' id='word_1_9' title='bbox 873 265 999 308; x_wconf 87' lang='lat' dir='ltr'>sunt</span> <span class='ocrx_word' id='word_1_10' title='bbox 1027 258 1289 309; x_wconf 91' lang='lat' dir='ltr'>oboedire</span> <span class='ocrx_word' id='word_1_11' title='bbox 1315 259 1511 309; x_wconf 89' lang='lat' dir='ltr'>rationi</span> <span class='ocrx_word' id='word_1_12' title='bbox 1536 265 1589 310; x_wconf 92' lang='lat' dir='ltr'>et</span> <span class='ocrx_word' id='word_1_13' title='bbox 1619 259 1894 309; x_wconf 87' lang='lat' dir='ltr'>deservire</span> <span class='ocrx_word' id='word_1_14' title='bbox 1940 292 1943 293; x_wconf 24' lang='grc' dir='ltr'><em>ν</em></span> <span class='ocrx_word' id='word_1_15' title='bbox 1980 300 1982 302; x_wconf 88' lang='grc'>.</span> 
     </span>
     <span class='ocr_line' id='line_1_3' title="bbox 215 330 1895 394; baseline 0 -12"><span class='ocrx_word' id='word_1_16' title='bbox 215 335 271 382; x_wconf 89' lang='lat' dir='ltr'>et</span> <span class='ocrx_word' id='word_1_17' title='bbox 288 332 514 389; x_wconf 92' lang='lat' dir='ltr'>moveri,</span> <span class='ocrx_word' id='word_1_18' title='bbox 539 337 600 382; x_wconf 94' lang='lat' dir='ltr'>ut</span> <span class='ocrx_word' id='word_1_19' title='bbox 623 331 763 382; x_wconf 91' lang='lat' dir='ltr'>ratio</span> <span class='ocrx_word' id='word_1_20' title='bbox 789 331 1130 394; x_wconf 79' lang='lat' dir='ltr'>praeceperit</span> <span class='ocrx_word' id='word_1_21' title='bbox 1153 331 1208 381; x_wconf 92' lang='lat' dir='ltr'>in</span> <span class='ocrx_word' id='word_1_22' title='bbox 1232 330 1548 382; x_wconf 90' lang='lat' dir='ltr'>hominibus</span> <span class='ocrx_word' id='word_1_23' title='bbox 1569 345 1628 383; x_wconf 85' lang='lat' dir='ltr'>se</span> <span class='ocrx_word' id='word_1_24' title='bbox 1646 331 1895 384; x_wconf 89' lang='lat' dir='ltr'>habenti-</span> 
     </span>
    </p>

    <p class='ocr_par' dir='ltr' id='par_1_3' title="bbox 162 403 1982 544">
     <span class='ocr_line' id='line_1_4' title="bbox 162 403 1982 469; baseline 0.002 -14"><span class='ocrx_word' id='word_1_25' title='bbox 162 416 184 455; x_wconf 88' lang='grc'><strong>7</strong></span> <span class='ocrx_word' id='word_1_26' title='bbox 218 404 321 455; x_wconf 94' lang='lat' dir='ltr'>bus</span> <span class='ocrx_word' id='word_1_27' title='bbox 349 404 651 455; x_wconf 90' lang='lat' dir='ltr'>secundum</span> <span class='ocrx_word' id='word_1_28' title='bbox 682 411 951 457; x_wconf 89' lang='lat' dir='ltr'>naturam.</span> <span class='ocrx_word' id='word_1_29' title='bbox 993 403 1132 456; x_wconf 93' lang='lat' dir='ltr'>Sunt</span> <span class='ocrx_word' id='word_1_30' title='bbox 1161 418 1293 455; x_wconf 88' lang='lat' dir='ltr'>vero</span> <span class='ocrx_word' id='word_1_31' title='bbox 1323 405 1488 456; x_wconf 89' lang='lat' dir='ltr'>etiam</span> <span class='ocrx_word' id='word_1_32' title='bbox 1519 406 1656 457; x_wconf 89' lang='lat' dir='ltr'>istae</span> <span class='ocrx_word' id='word_1_33' title='bbox 1683 406 1896 469; x_wconf 91' lang='lat' dir='ltr'>passio·</span> <span class='ocrx_word' id='word_1_34' title='bbox 1979 457 1982 459; x_wconf 81' lang='grc'><em>,</em></span> 
     </span>
     <span class='ocr_line' id='line_1_5' title="bbox 216 478 1895 544; baseline 0.001 -15"><span class='ocrx_word' id='word_1_35' title='bbox 216 492 315 529; x_wconf 91' lang='lat' dir='ltr'>nes</span> <span class='ocrx_word' id='word_1_36' title='bbox 361 479 748 530; x_wconf 84' lang='lat' dir='ltr'>constitutivae</span> <span class='ocrx_word' id='word_1_37' title='bbox 794 478 979 531; x_wconf 89' lang='lat' dir='ltr'>vitalis</span> <span class='ocrx_word' id='word_1_38' title='bbox 1024 480 1320 537; x_wconf 81' lang='lat' dir='ltr'>essentiae3</span> <span class='ocrx_word' id='word_1_39' title='bbox 1368 480 1484 530; x_wconf 89' lang='lat' dir='ltr'>sine</span> <span class='ocrx_word' id='word_1_40' title='bbox 1527 479 1614 531; x_wconf 92' lang='lat' dir='ltr'>his</span> <span class='ocrx_word' id='word_1_41' title='bbox 1658 493 1895 544; x_wconf 90' lang='lat' dir='ltr'>namque</span> 
     </span>
    </p>

    <p class='ocr_par' dir='ltr' id='par_1_4' title="bbox 158 552 1982 840">
     <span class='ocr_line' id='line_1_6' title="bbox 158 552 1982 617; baseline -0.001 -14"><span class='ocrx_word' id='word_1_42' title='bbox 158 563 184 603; x_wconf 83' lang='lat'>8</span> <span class='ocrx_word' id='word_1_43' title='bbox 216 566 327 603; x_wconf 91' lang='lat' dir='ltr'>non</span> <span class='ocrx_word' id='word_1_44' title='bbox 360 553 610 604; x_wconf 90' lang='lat' dir='ltr'>subsistit</span> <span class='ocrx_word' id='word_1_45' title='bbox 642 554 772 604; x_wconf 89' lang='lat' dir='ltr'>vita.</span> <span class='ocrx_word' id='word_1_46' title='bbox 819 552 927 604; x_wconf 91' lang='lat' dir='ltr'>Sed</span> <span class='ocrx_word' id='word_1_47' title='bbox 964 554 1094 616; x_wconf 91' lang='lat' dir='ltr'>quia</span> <span class='ocrx_word' id='word_1_48' title='bbox 1127 554 1316 616; x_wconf 86' lang='lat' dir='ltr'>passio</span> <span class='ocrx_word' id='word_1_49' title='bbox 1350 554 1651 617; x_wconf 89' lang='lat' dir='ltr'>aequivoce</span> <span class='ocrx_word' id='word_1_50' title='bbox 1683 553 1895 613; x_wconf 91' lang='lat' dir='ltr'>dicitur,</span> <span class='ocrx_word' id='word_1_51' title='bbox 1946 553 1982 602; x_wconf 63' lang='grc' dir='ltr'>εἰ</span> 
     </span>
     <span class='ocr_line' id='line_1_7' title="bbox 218 627 1982 696; baseline 0 -18"><span class='ocrx_word' id='word_1_52' title='bbox 218 627 612 678; x_wconf 88' lang='lat' dir='ltr'>secernendum</span> <span class='ocrx_word' id='word_1_53' title='bbox 638 633 723 678; x_wconf 90' lang='lat' dir='ltr'>est</span> <span class='ocrx_word' id='word_1_54' title='bbox 755 628 908 691; x_wconf 88' lang='lat' dir='ltr'>prius</span> <span class='ocrx_word' id='word_1_55' title='bbox 938 627 1467 690; x_wconf 90' lang='lat' dir='ltr'>aequivocationem.</span> <span class='ocrx_word' id='word_1_56' title='bbox 1511 627 1722 680; x_wconf 88' lang='lat' dir='ltr'>Dicitur</span> <span class='ocrx_word' id='word_1_57' title='bbox 1751 629 1895 679; x_wconf 91' lang='lat' dir='ltr'>enim</span> <span class='ocrx_word' id='word_1_58' title='bbox 1972 646 1982 696; x_wconf 72' lang='lat'>⁴.</span> 
     </span>
     <span class='ocr_line' id='line_1_8' title="bbox 218 702 1982 768; baseline 0.002 -16"><span class='ocrx_word' id='word_1_59' title='bbox 218 708 270 752; x_wconf 92' lang='lat' dir='ltr'>et</span> <span class='ocrx_word' id='word_1_60' title='bbox 286 702 589 765; x_wconf 93' lang='lat' dir='ltr'>corporalis</span> <span class='ocrx_word' id='word_1_61' title='bbox 605 708 664 753; x_wconf 92' lang='lat' dir='ltr'>ut</span> <span class='ocrx_word' id='word_1_62' title='bbox 678 703 1054 766; x_wconf 83' lang='lat' dir='ltr'>aegritudines</span> <span class='ocrx_word' id='word_1_63' title='bbox 1069 708 1122 755; x_wconf 89' lang='lat' dir='ltr'>et</span> <span class='ocrx_word' id='word_1_64' title='bbox 1136 703 1344 761; x_wconf 90' lang='lat' dir='ltr'>ulcera;</span> <span class='ocrx_word' id='word_1_65' title='bbox 1371 703 1568 755; x_wconf 93' lang='lat' dir='ltr'>dicitur</span> <span class='ocrx_word' id='word_1_66' title='bbox 1581 705 1746 755; x_wconf 90' lang='lat' dir='ltr'>etiam</span> <span class='ocrx_word' id='word_1_67' title='bbox 1774 717 1900 768; x_wconf 88' lang='lat' dir='ltr'>pas-</span> <span class='ocrx_word' id='word_1_68' title='bbox 1979 704 1982 706; x_wconf 76' lang='grc'><strong>’</strong></span> 
     </span>
     <span class='ocr_line' id='line_1_9' title="bbox 220 776 1898 840; baseline 0.002 -14"><span class='ocrx_word' id='word_1_69' title='bbox 220 777 301 826; x_wconf 90' lang='lat' dir='ltr'>sio</span> <span class='ocrx_word' id='word_1_70' title='bbox 329 776 598 835; x_wconf 93' lang='lat' dir='ltr'>animalis,</span> <span class='ocrx_word' id='word_1_71' title='bbox 627 776 695 828; x_wconf 92' lang='lat' dir='ltr'>de</span> <span class='ocrx_word' id='word_1_72' title='bbox 724 791 832 840; x_wconf 92' lang='lat' dir='ltr'>qua</span> <span class='ocrx_word' id='word_1_73' title='bbox 857 791 1004 828; x_wconf 92' lang='lat' dir='ltr'>nunc</span> <span class='ocrx_word' id='word_1_74' title='bbox 1028 783 1114 829; x_wconf 92' lang='lat' dir='ltr'>est</span> <span class='ocrx_word' id='word_1_75' title='bbox 1141 791 1337 836; x_wconf 88' lang='lat' dir='ltr'>serm0,</span> <span class='ocrx_word' id='word_1_76' title='bbox 1364 777 1698 829; x_wconf 86' lang='lat' dir='ltr'>desiderium</span> <span class='ocrx_word' id='word_1_77' title='bbox 1725 783 1779 829; x_wconf 91' lang='lat' dir='ltr'>et</span> <span class='ocrx_word' id='word_1_78' title='bbox 1803 778 1898 829; x_wconf 88' lang='lat' dir='ltr'>ira.</span> 
     </span>
    </p>

    <p class='ocr_par' dir='ltr' id='par_1_5' title="bbox 158 849 1982 1359">
     <span class='ocr_line' id='line_1_10' title="bbox 158 849 1982 916; baseline 0.002 -17"><span class='ocrx_word' id='word_1_79' title='bbox 158 860 184 899; x_wconf 87' lang='lat'><strong>9</strong></span> <span class='ocrx_word' id='word_1_80' title='bbox 217 849 310 901; x_wconf 90' lang='lat' dir='ltr'>Est</span> <span class='ocrx_word' id='word_1_81' title='bbox 348 856 532 902; x_wconf 89' lang='lat' dir='ltr'>autem</span> <span class='ocrx_word' id='word_1_82' title='bbox 575 852 939 902; x_wconf 90' lang='lat' dir='ltr'>communiter</span> <span class='ocrx_word' id='word_1_83' title='bbox 977 857 1030 902; x_wconf 91' lang='lat' dir='ltr'>et</span> <span class='ocrx_word' id='word_1_84' title='bbox 1069 851 1398 915; x_wconf 86' lang='lat' dir='ltr'>generaliter</span> <span class='ocrx_word' id='word_1_85' title='bbox 1437 852 1652 903; x_wconf 88' lang='lat' dir='ltr'>animae</span> <span class='ocrx_word' id='word_1_86' title='bbox 1691 853 1896 916; x_wconf 88' lang='lat' dir='ltr'>passio,</span> <span class='ocrx_word' id='word_1_87' title='bbox 1978 899 1982 903; x_wconf 87' lang='grc'><em>,</em></span> 
     </span>
     <span class='ocr_line' id='line_1_11' title="bbox 217 913 1982 1010; baseline 0 -36"><span class='ocrx_word' id='word_1_88' title='bbox 217 924 302 974; x_wconf 91' lang='lat' dir='ltr'>cui</span> <span class='ocrx_word' id='word_1_89' title='bbox 321 923 519 975; x_wconf 92' lang='lat' dir='ltr'>accidit</span> <span class='ocrx_word' id='word_1_90' title='bbox 543 923 834 976; x_wconf 89' lang='lat' dir='ltr'>delectatio</span> <span class='ocrx_word' id='word_1_91' title='bbox 855 925 944 975; x_wconf 90' lang='lat' dir='ltr'>vel</span> <span class='ocrx_word' id='word_1_92' title='bbox 967 924 1220 976; x_wconf 79' lang='lat' dir='ltr'>afflictio,</span> <span class='ocrx_word' id='word_1_93' title='bbox 1251 924 1467 975; x_wconf 89' lang='lat' dir='ltr'>Accidit</span> <span class='ocrx_word' id='word_1_94' title='bbox 1486 925 1633 975; x_wconf 91' lang='lat' dir='ltr'>enim</span> <span class='ocrx_word' id='word_1_95' title='bbox 1648 925 1895 1010; x_wconf 82' lang='lat' dir='ltr'>passioni</span> <span class='ocrx_word' id='word_1_96' title='bbox 1925 913 1982 997; x_wconf 58' lang='lat' dir='ltr'>u}</span> 
     </span>
     <span class='ocr_line' id='line_1_12' title="bbox 216 997 1982 1063; baseline 0.001 -15"><span class='ocrx_word' id='word_1_97' title='bbox 216 997 468 1056; x_wconf 74' lang='lat' dir='ltr'>afflictiQ</span> <span class='ocrx_word' id='word_1_98' title='bbox 510 997 607 1049; x_wconf 90' lang='lat' dir='ltr'>sed</span> <span class='ocrx_word' id='word_1_99' title='bbox 647 1012 761 1049; x_wconf 93' lang='lat' dir='ltr'>non</span> <span class='ocrx_word' id='word_1_100' title='bbox 798 1005 885 1049; x_wconf 89' lang='lat' dir='ltr'>est</span> <span class='ocrx_word' id='word_1_101' title='bbox 926 998 1229 1049; x_wconf 90' lang='lat' dir='ltr'>secundum</span> <span class='ocrx_word' id='word_1_102' title='bbox 1269 998 1375 1050; x_wconf 94' lang='lat' dir='ltr'>hoc</span> <span class='ocrx_word' id='word_1_103' title='bbox 1414 998 1650 1050; x_wconf 79' lang='lat' dir='ltr'>afflictio</span> <span class='ocrx_word' id='word_1_104' title='bbox 1689 999 1895 1063; x_wconf 77' lang='lat' dir='ltr'>passio,</span> <span class='ocrx_word' id='word_1_105' title='bbox 1980 1020 1982 1022; x_wconf 95' lang='lat'>·</span> 
     </span>
     <span class='ocr_line' id='line_1_13' title="bbox 218 1072 1896 1141; baseline 0.001 -19"><span class='ocrx_word' id='word_1_106' title='bbox 218 1072 358 1122; x_wconf 92' lang='lat' dir='ltr'>Nam</span> <span class='ocrx_word' id='word_1_107' title='bbox 392 1073 437 1123; x_wconf 92' lang='lat' dir='ltr'>si</span> <span class='ocrx_word' id='word_1_108' title='bbox 471 1073 578 1123; x_wconf 92' lang='lat' dir='ltr'>hoc</span> <span class='ocrx_word' id='word_1_109' title='bbox 609 1079 771 1132; x_wconf 88' lang='lat' dir='ltr'>esset,</span> <span class='ocrx_word' id='word_1_110' title='bbox 807 1087 968 1124; x_wconf 90' lang='lat' dir='ltr'>omne</span> <span class='ocrx_word' id='word_1_111' title='bbox 1004 1074 1220 1136; x_wconf 87' lang='lat' dir='ltr'>patiens</span> <span class='ocrx_word' id='word_1_112' title='bbox 1256 1072 1480 1124; x_wconf 90' lang='lat' dir='ltr'>doleret.</span> <span class='ocrx_word' id='word_1_113' title='bbox 1524 1073 1683 1141; x_wconf 89' lang='lat' dir='ltr'>Nunc</span> <span class='ocrx_word' id='word_1_114' title='bbox 1711 1079 1896 1125; x_wconf 88' lang='lat' dir='ltr'>autem</span> 
     </span>
     <span class='ocr_line' id='line_1_14' title="bbox 216 1146 1982 1211; baseline 0.001 -15"><span class='ocrx_word' id='word_1_115' title='bbox 216 1146 559 1197; x_wconf 88' lang='lat' dir='ltr'>insensibilia</span> <span class='ocrx_word' id='word_1_116' title='bbox 602 1148 884 1211; x_wconf 91' lang='lat' dir='ltr'>patiuntur</span> <span class='ocrx_word' id='word_1_117' title='bbox 931 1147 1169 1210; x_wconf 90' lang='lat' dir='ltr'>quidem,</span> <span class='ocrx_word' id='word_1_118' title='bbox 1214 1147 1312 1198; x_wconf 93' lang='lat' dir='ltr'>sed</span> <span class='ocrx_word' id='word_1_119' title='bbox 1356 1161 1468 1198; x_wconf 93' lang='lat' dir='ltr'>non</span> <span class='ocrx_word' id='word_1_120' title='bbox 1513 1147 1716 1198; x_wconf 86' lang='lat' dir='ltr'>dolent.</span> <span class='ocrx_word' id='word_1_121' title='bbox 1771 1146 1897 1199; x_wconf 90' lang='lat' dir='ltr'>Non</span> <span class='ocrx_word' id='word_1_122' title='bbox 1980 1195 1982 1198; x_wconf 12' lang='grc' dir='ltr'><em>Α</em></span> 
     </span>
     <span class='ocr_line' id='line_1_15' title="bbox 217 1219 1897 1284; baseline 0.001 -14"><span class='ocrx_word' id='word_1_123' title='bbox 217 1221 383 1284; x_wconf 84' lang='lat' dir='ltr'>igitur</span> <span class='ocrx_word' id='word_1_124' title='bbox 402 1222 591 1284; x_wconf 91' lang='lat' dir='ltr'>passio</span> <span class='ocrx_word' id='word_1_125' title='bbox 616 1227 700 1272; x_wconf 91' lang='lat' dir='ltr'>est</span> <span class='ocrx_word' id='word_1_126' title='bbox 723 1221 898 1280; x_wconf 92' lang='lat' dir='ltr'>dolor,</span> <span class='ocrx_word' id='word_1_127' title='bbox 924 1221 1022 1272; x_wconf 89' lang='lat' dir='ltr'>sed</span> <span class='ocrx_word' id='word_1_128' title='bbox 1048 1222 1325 1284; x_wconf 92' lang='lat' dir='ltr'>passionis</span> <span class='ocrx_word' id='word_1_129' title='bbox 1350 1221 1699 1272; x_wconf 80' lang='lat' dir='ltr'>sensibilitas,</span> <span class='ocrx_word' id='word_1_130' title='bbox 1720 1219 1897 1284; x_wconf 91' lang='lat' dir='ltr'>Opor-</span> 
     </span>
     <span class='ocr_line' id='line_1_16' title="bbox 216 1295 1982 1359; baseline -0.002 -14"><span class='ocrx_word' id='word_1_131' title='bbox 216 1301 294 1346; x_wconf 91' lang='lat' dir='ltr'>tet</span> <span class='ocrx_word' id='word_1_132' title='bbox 349 1295 455 1345; x_wconf 91' lang='lat' dir='ltr'>hoc</span> <span class='ocrx_word' id='word_1_133' title='bbox 516 1295 745 1359; x_wconf 86' lang='lat' dir='ltr'>dignum</span> <span class='ocrx_word' id='word_1_134' title='bbox 802 1309 927 1347; x_wconf 89' lang='lat' dir='ltr'>esse</span> <span class='ocrx_word' id='word_1_135' title='bbox 987 1297 1214 1355; x_wconf 91' lang='lat' dir='ltr'>ratione,</span> <span class='ocrx_word' id='word_1_136' title='bbox 1275 1302 1335 1347; x_wconf 94' lang='lat' dir='ltr'>ut</span> <span class='ocrx_word' id='word_1_137' title='bbox 1379 1295 1726 1347; x_wconf 91' lang='lat' dir='ltr'>sensibilitati</span> <span class='ocrx_word' id='word_1_138' title='bbox 1771 1295 1897 1346; x_wconf 88' lang='lat' dir='ltr'>sub·</span> <span class='ocrx_word' id='word_1_139' title='bbox 1925 1309 1982 1344; x_wconf 65' lang='lat'>11-2,</span> 
     </span>
    </p>

    <p class='ocr_par' dir='ltr' id='par_1_6' title="bbox 132 1370 1899 1508">
     <span class='ocr_line' id='line_1_17' title="bbox 132 1370 1899 1434; baseline 0.002 -16"><span class='ocrx_word' id='word_1_140' title='bbox 132 1379 184 1418; x_wconf 88' lang='lat'>10</span> <span class='ocrx_word' id='word_1_141' title='bbox 219 1370 408 1421; x_wconf 90' lang='lat' dir='ltr'>iaceat.</span> <span class='ocrx_word' id='word_1_142' title='bbox 449 1370 786 1421; x_wconf 90' lang='lat' dir='ltr'>Animalium</span> <span class='ocrx_word' id='word_1_143' title='bbox 816 1385 949 1422; x_wconf 90' lang='lat' dir='ltr'>vero</span> <span class='ocrx_word' id='word_1_144' title='bbox 983 1372 1307 1434; x_wconf 91' lang='lat' dir='ltr'>passionum</span> <span class='ocrx_word' id='word_1_145' title='bbox 1340 1371 1605 1422; x_wconf 78' lang='lat' dir='ltr'>diffinitio</span> <span class='ocrx_word' id='word_1_146' title='bbox 1637 1371 1774 1422; x_wconf 88' lang='lat' dir='ltr'>haec</span> <span class='ocrx_word' id='word_1_147' title='bbox 1802 1377 1899 1422; x_wconf 89' lang='lat' dir='ltr'>est.</span> 
     </span>
     <span class='ocr_line' id='line_1_18' title="bbox 217 1443 1898 1508; baseline 0.001 -15"><span class='ocrx_word' id='word_1_148' title='bbox 217 1443 410 1494; x_wconf 91' lang='lat' dir='ltr'>Passio</span> <span class='ocrx_word' id='word_1_149' title='bbox 440 1449 525 1495; x_wconf 89' lang='lat' dir='ltr'>est</span> <span class='ocrx_word' id='word_1_150' title='bbox 559 1450 744 1495; x_wconf 93' lang='lat' dir='ltr'>motus</span> <span class='ocrx_word' id='word_1_151' title='bbox 780 1444 1056 1495; x_wconf 89' lang='lat' dir='ltr'>sensibilis</span> <span class='ocrx_word' id='word_1_152' title='bbox 1091 1444 1428 1508; x_wconf 90' lang='lat' dir='ltr'>appetitivae</span> <span class='ocrx_word' id='word_1_153' title='bbox 1463 1444 1681 1495; x_wconf 89' lang='lat' dir='ltr'>virtutis</span> <span class='ocrx_word' id='word_1_154' title='bbox 1715 1444 1771 1494; x_wconf 91' lang='lat' dir='ltr'>in</span> <span class='ocrx_word' id='word_1_155' title='bbox 1801 1457 1898 1507; x_wconf 89' lang='lat' dir='ltr'>ap·</span> 
     </span>
    </p>

    <p class='ocr_par' dir='ltr' id='par_1_7' title="bbox 133 1517 1898 1656">
     <span class='ocr_line' id='line_1_19' title="bbox 133 1517 1898 1580; baseline 0.001 -14"><span class='ocrx_word' id='word_1_156' title='bbox 133 1528 180 1566; x_wconf 95' lang='lat'>11</span> <span class='ocrx_word' id='word_1_157' title='bbox 219 1518 489 1580; x_wconf 90' lang='lat' dir='ltr'>paritione</span> <span class='ocrx_word' id='word_1_158' title='bbox 514 1518 644 1569; x_wconf 94' lang='lat' dir='ltr'>boni</span> <span class='ocrx_word' id='word_1_159' title='bbox 673 1517 763 1569; x_wconf 91' lang='lat' dir='ltr'>vel</span> <span class='ocrx_word' id='word_1_160' title='bbox 791 1517 938 1569; x_wconf 88' lang='lat' dir='ltr'>mali.</span> <span class='ocrx_word' id='word_1_161' title='bbox 979 1517 1045 1570; x_wconf 91' lang='lat' dir='ltr'>Et</span> <span class='ocrx_word' id='word_1_162' title='bbox 1074 1517 1255 1569; x_wconf 89' lang='lat' dir='ltr'>aliter:</span> <span class='ocrx_word' id='word_1_163' title='bbox 1284 1517 1477 1569; x_wconf 91' lang='lat' dir='ltr'>Passio</span> <span class='ocrx_word' id='word_1_164' title='bbox 1504 1523 1589 1571; x_wconf 93' lang='lat' dir='ltr'>est</span> <span class='ocrx_word' id='word_1_165' title='bbox 1612 1518 1898 1569; x_wconf 87' lang='lat' dir='ltr'>irrationa-</span> 
     </span>
     <span class='ocr_line' id='line_1_20' title="bbox 222 1591 1895 1656; baseline -0.001 -14"><span class='ocrx_word' id='word_1_166' title='bbox 222 1591 387 1656; x_wconf 92' lang='lat' dir='ltr'>[bi]lis</span> <span class='ocrx_word' id='word_1_167' title='bbox 416 1598 603 1643; x_wconf 84' lang='lat' dir='ltr'>motus</span> <span class='ocrx_word' id='word_1_168' title='bbox 638 1593 855 1643; x_wconf 91' lang='lat' dir='ltr'>animae</span> <span class='ocrx_word' id='word_1_169' title='bbox 890 1605 988 1656; x_wconf 91' lang='lat' dir='ltr'>per</span> <span class='ocrx_word' id='word_1_170' title='bbox 1023 1593 1430 1655; x_wconf 88' lang='lat' dir='ltr'>susceptionem</span> <span class='ocrx_word' id='word_1_171' title='bbox 1466 1591 1595 1642; x_wconf 93' lang='lat' dir='ltr'>boni</span> <span class='ocrx_word' id='word_1_172' title='bbox 1629 1591 1718 1643; x_wconf 89' lang='lat' dir='ltr'>vel</span> <span class='ocrx_word' id='word_1_173' title='bbox 1750 1591 1895 1642; x_wconf 90' lang='lat' dir='ltr'>mali.</span> 
     </span>
    </p>

    <p class='ocr_par' dir='ltr' id='par_1_8' title="bbox 133 1662 1982 2175">
     <span class='ocr_line' id='line_1_21' title="bbox 133 1662 1982 1730; baseline 0.001 -16"><span class='ocrx_word' id='word_1_174' title='bbox 133 1676 184 1715; x_wconf 86' lang='lat'>12</span> <span class='ocrx_word' id='word_1_175' title='bbox 217 1665 542 1717; x_wconf 84' lang='lat' dir='ltr'>Generalem</span> <span class='ocrx_word' id='word_1_176' title='bbox 578 1680 712 1718; x_wconf 90' lang='lat' dir='ltr'>vero</span> <span class='ocrx_word' id='word_1_177' title='bbox 754 1667 1072 1730; x_wconf 91' lang='lat' dir='ltr'>passionem</span> <span class='ocrx_word' id='word_1_178' title='bbox 1113 1665 1400 1717; x_wconf 80' lang='lat' dir='ltr'>diffiniunt</span> <span class='ocrx_word' id='word_1_179' title='bbox 1441 1667 1541 1717; x_wconf 92' lang='lat' dir='ltr'>sic:</span> <span class='ocrx_word' id='word_1_180' title='bbox 1581 1665 1773 1717; x_wconf 91' lang='lat' dir='ltr'>Passio</span> <span class='ocrx_word' id='word_1_181' title='bbox 1813 1672 1898 1716; x_wconf 89' lang='lat' dir='ltr'>est</span> <span class='ocrx_word' id='word_1_182' title='bbox 1922 1662 1982 1723; x_wconf 52' lang='lat'>21³2,</span> 
     </span>
     <span class='ocr_line' id='line_1_22' title="bbox 216 1740 1982 1792; baseline 0 -2"><span class='ocrx_word' id='word_1_183' title='bbox 216 1746 400 1792; x_wconf 89' lang='lat' dir='ltr'>motus</span> <span class='ocrx_word' id='word_1_184' title='bbox 422 1754 491 1791; x_wconf 86' lang='lat' dir='ltr'>ex</span> <span class='ocrx_word' id='word_1_185' title='bbox 517 1740 692 1792; x_wconf 89' lang='lat' dir='ltr'>altero</span> <span class='ocrx_word' id='word_1_186' title='bbox 720 1742 776 1791; x_wconf 93' lang='lat' dir='ltr'>in</span> <span class='ocrx_word' id='word_1_187' title='bbox 805 1740 1053 1791; x_wconf 89' lang='lat' dir='ltr'>alterum.</span> <span class='ocrx_word' id='word_1_188' title='bbox 1091 1741 1264 1792; x_wconf 89' lang='lat' dir='ltr'>Actus</span> <span class='ocrx_word' id='word_1_189' title='bbox 1289 1754 1422 1791; x_wconf 90' lang='lat' dir='ltr'>vero</span> <span class='ocrx_word' id='word_1_190' title='bbox 1446 1746 1531 1791; x_wconf 91' lang='lat' dir='ltr'>est</span> <span class='ocrx_word' id='word_1_191' title='bbox 1554 1746 1738 1790; x_wconf 91' lang='lat' dir='ltr'>motus</span> <span class='ocrx_word' id='word_1_192' title='bbox 1767 1740 1896 1791; x_wconf 91' lang='lat' dir='ltr'>acti·</span> <span class='ocrx_word' id='word_1_193' title='bbox 1979 1748 1982 1752; x_wconf 57' lang='lat'><strong>⁴</strong></span> 
     </span>
     <span class='ocr_line' id='line_1_23' title="bbox 216 1814 1895 1878; baseline 0 -14"><span class='ocrx_word' id='word_1_194' title='bbox 216 1829 334 1866; x_wconf 89' lang='lat' dir='ltr'>vus.</span> <span class='ocrx_word' id='word_1_195' title='bbox 382 1814 640 1866; x_wconf 87' lang='lat' dir='ltr'>Activum</span> <span class='ocrx_word' id='word_1_196' title='bbox 681 1829 813 1866; x_wconf 92' lang='lat' dir='ltr'>vero</span> <span class='ocrx_word' id='word_1_197' title='bbox 855 1814 1067 1874; x_wconf 90' lang='lat' dir='ltr'>dicitur,</span> <span class='ocrx_word' id='word_1_198' title='bbox 1110 1814 1259 1878; x_wconf 90' lang='lat' dir='ltr'>quod</span> <span class='ocrx_word' id='word_1_199' title='bbox 1298 1829 1333 1865; x_wconf 92' lang='lat' dir='ltr'>a</span> <span class='ocrx_word' id='word_1_200' title='bbox 1373 1828 1430 1865; x_wconf 93' lang='lat' dir='ltr'>se</span> <span class='ocrx_word' id='word_1_201' title='bbox 1467 1815 1591 1877; x_wconf 91' lang='lat' dir='ltr'>ipso</span> <span class='ocrx_word' id='word_1_202' title='bbox 1628 1820 1895 1865; x_wconf 89' lang='lat' dir='ltr'>movetur.</span> 
     </span>
     <span class='ocr_line' id='line_1_24' title="bbox 215 1887 1894 1959; baseline -0.001 -20"><span class='ocrx_word' id='word_1_203' title='bbox 215 1887 306 1959; x_wconf 87' lang='lat' dir='ltr'>Sic</span> <span class='ocrx_word' id='word_1_204' title='bbox 345 1889 512 1952; x_wconf 89' lang='lat' dir='ltr'>igitur</span> <span class='ocrx_word' id='word_1_205' title='bbox 554 1895 609 1941; x_wconf 91' lang='lat' dir='ltr'>et</span> <span class='ocrx_word' id='word_1_206' title='bbox 648 1890 730 1940; x_wconf 90' lang='lat' dir='ltr'>ira</span> <span class='ocrx_word' id='word_1_207' title='bbox 773 1896 928 1940; x_wconf 90' lang='lat' dir='ltr'>actus</span> <span class='ocrx_word' id='word_1_208' title='bbox 973 1889 1195 1952; x_wconf 88' lang='lat' dir='ltr'>quidem</span> <span class='ocrx_word' id='word_1_209' title='bbox 1237 1895 1322 1940; x_wconf 89' lang='lat' dir='ltr'>est</span> <span class='ocrx_word' id='word_1_210' title='bbox 1360 1887 1666 1947; x_wconf 85' lang='lat' dir='ltr'>irascibiliS,</span> <span class='ocrx_word' id='word_1_211' title='bbox 1705 1888 1894 1952; x_wconf 91' lang='lat' dir='ltr'>passio</span> 
     </span>
     <span class='ocr_line' id='line_1_25' title="bbox 215 1962 1894 2027; baseline -0.001 -13"><span class='ocrx_word' id='word_1_212' title='bbox 215 1970 399 2015; x_wconf 92' lang='lat' dir='ltr'>autem</span> <span class='ocrx_word' id='word_1_213' title='bbox 457 1963 691 2014; x_wconf 90' lang='lat' dir='ltr'>duarum</span> <span class='ocrx_word' id='word_1_214' title='bbox 749 1965 988 2027; x_wconf 90' lang='lat' dir='ltr'>partium</span> <span class='ocrx_word' id='word_1_215' title='bbox 1044 1964 1263 2014; x_wconf 91' lang='lat' dir='ltr'>animae</span> <span class='ocrx_word' id='word_1_216' title='bbox 1319 1963 1479 2014; x_wconf 89' lang='lat' dir='ltr'>adest</span> <span class='ocrx_word' id='word_1_217' title='bbox 1520 1963 1620 2014; x_wconf 89' lang='lat' dir='ltr'>toti</span> <span class='ocrx_word' id='word_1_218' title='bbox 1663 1962 1894 2024; x_wconf 89' lang='lat' dir='ltr'>corpori,</span> 
     </span>
     <span class='ocr_line' id='line_1_26' title="bbox 216 2035 1982 2100; baseline 0.002 -12"><span class='ocrx_word' id='word_1_219' title='bbox 216 2037 438 2100; x_wconf 90' lang='lat' dir='ltr'>quando</span> <span class='ocrx_word' id='word_1_220' title='bbox 462 2038 531 2088; x_wconf 94' lang='lat' dir='ltr'>ab</span> <span class='ocrx_word' id='word_1_221' title='bbox 559 2039 641 2088; x_wconf 92' lang='lat' dir='ltr'>ira</span> <span class='ocrx_word' id='word_1_222' title='bbox 667 2037 882 2090; x_wconf 82' lang='lat' dir='ltr'>fortiter</span> <span class='ocrx_word' id='word_1_223' title='bbox 909 2038 1091 2100; x_wconf 83' lang='lat' dir='ltr'>agitur</span> <span class='ocrx_word' id='word_1_224' title='bbox 1119 2037 1190 2088; x_wconf 94' lang='lat' dir='ltr'>ad</span> <span class='ocrx_word' id='word_1_225' title='bbox 1218 2037 1584 2100; x_wconf 89' lang='lat' dir='ltr'>operationes.</span> <span class='ocrx_word' id='word_1_226' title='bbox 1619 2035 1698 2086; x_wconf 89' lang='lat' dir='ltr'>Ex</span> <span class='ocrx_word' id='word_1_227' title='bbox 1720 2035 1894 2088; x_wconf 90' lang='lat' dir='ltr'>altero</span> <span class='ocrx_word' id='word_1_228' title='bbox 1919 2051 1982 2091; x_wconf 58' lang='lat'>25.</span> 
     </span>
     <span class='ocr_line' id='line_1_27' title="bbox 214 2110 1894 2175; baseline -0.001 -14"><span class='ocrx_word' id='word_1_229' title='bbox 214 2112 360 2162; x_wconf 88' lang='lat' dir='ltr'>enim</span> <span class='ocrx_word' id='word_1_230' title='bbox 393 2113 447 2162; x_wconf 94' lang='lat' dir='ltr'>in</span> <span class='ocrx_word' id='word_1_231' title='bbox 484 2112 717 2164; x_wconf 86' lang='lat' dir='ltr'>alterum</span> <span class='ocrx_word' id='word_1_232' title='bbox 754 2111 934 2163; x_wconf 78' lang='lat' dir='ltr'>factus</span> <span class='ocrx_word' id='word_1_233' title='bbox 971 2117 1053 2163; x_wconf 89' lang='lat' dir='ltr'>est</span> <span class='ocrx_word' id='word_1_234' title='bbox 1087 2117 1288 2170; x_wconf 91' lang='lat' dir='ltr'>motus,</span> <span class='ocrx_word' id='word_1_235' title='bbox 1326 2110 1474 2175; x_wconf 89' lang='lat' dir='ltr'>quod</span> <span class='ocrx_word' id='word_1_236' title='bbox 1509 2111 1742 2161; x_wconf 92' lang='lat' dir='ltr'>dicimus</span> <span class='ocrx_word' id='word_1_237' title='bbox 1773 2123 1894 2160; x_wconf 90' lang='lat' dir='ltr'>esse</span> 
     </span>
    </p>
   </div>
   <div class='ocr_carea' id='block_1_3' title="bbox 211 2289 1960 2992">
    <p class='ocr_par' dir='ltr' id='par_1_9' title="bbox 213 2289 1960 2578">
     <span class='ocr_line' id='line_1_28' title="bbox 288 2289 1837 2334; baseline -0.001 -1"><span class='ocrx_word' id='word_1_238' title='bbox 288 2294 314 2334; x_wconf 90' lang='lat'><strong>3</strong></span> <span class='ocrx_word' id='word_1_239' title='bbox 346 2304 455 2334; x_wconf 89' lang='lat' dir='ltr'>vero</span> <span class='ocrx_word' id='word_1_240' title='bbox 489 2295 624 2334; x_wconf 88' lang='lat' dir='ltr'>etiam</span> <span class='ocrx_word' id='word_1_241' title='bbox 660 2294 700 2334; x_wconf 87' lang='grc' dir='ltr'><em>Ρ</em></span> <span class='ocrx_word' id='word_1_242' title='bbox 727 2304 837 2334; x_wconf 89' lang='lat' dir='ltr'>vero</span> <span class='ocrx_word' id='word_1_243' title='bbox 868 2293 906 2333; x_wconf 89' lang='lat' dir='ltr'><em>B</em></span> <span class='ocrx_word' id='word_1_244' title='bbox 938 2294 1074 2333; x_wconf 86' lang='lat' dir='ltr'>etiam</span> <span class='ocrx_word' id='word_1_245' title='bbox 1107 2293 1142 2334; x_wconf 98' lang='lat' dir='ltr'><em>A</em></span> <span class='ocrx_word' id='word_1_246' title='bbox 1265 2292 1292 2332; x_wconf 84' lang='lat'><strong>6</strong></span> <span class='ocrx_word' id='word_1_247' title='bbox 1324 2291 1656 2333; x_wconf 86' lang='lat' dir='ltr'>secernendum</span> <span class='ocrx_word' id='word_1_248' title='bbox 1688 2301 1778 2331; x_wconf 88' lang='lat' dir='ltr'>om.</span> <span class='ocrx_word' id='word_1_249' title='bbox 1801 2289 1837 2332; x_wconf 87' lang='lat' dir='ltr'><em>A</em></span> 
     </span>
     <span class='ocr_line' id='line_1_29' title="bbox 215 2343 1836 2403; baseline -0.003 -9"><span class='ocrx_word' id='word_1_250' title='bbox 215 2356 283 2394; x_wconf 91' lang='lat' dir='ltr'>est</span> <span class='ocrx_word' id='word_1_251' title='bbox 315 2354 439 2402; x_wconf 89' lang='lat' dir='ltr'>prius</span> <span class='ocrx_word' id='word_1_252' title='bbox 471 2355 654 2403; x_wconf 81' lang='lat' dir='ltr'>transp.</span> <span class='ocrx_word' id='word_1_253' title='bbox 686 2352 770 2394; x_wconf 86' lang='lat' dir='ltr'>AB</span> <span class='ocrx_word' id='word_1_254' title='bbox 891 2353 1246 2402; x_wconf 89' lang='lat' dir='ltr'>equivocatione</span> <span class='ocrx_word' id='word_1_255' title='bbox 1278 2351 1313 2392; x_wconf 89' lang='lat' dir='ltr'><em>A</em></span> <span class='ocrx_word' id='word_1_256' title='bbox 1523 2349 1548 2390; x_wconf 93' lang='grc'><strong>7</strong></span> <span class='ocrx_word' id='word_1_257' title='bbox 1580 2343 1649 2390; x_wconf 89' lang='lat' dir='ltr'>et¹</span> <span class='ocrx_word' id='word_1_258' title='bbox 1679 2360 1770 2390; x_wconf 89' lang='lat' dir='ltr'>om.</span> <span class='ocrx_word' id='word_1_259' title='bbox 1800 2348 1836 2390; x_wconf 89' lang='lat' dir='ltr'><em>A</em></span> 
     </span>
     <span class='ocr_line' id='line_1_30' title="bbox 214 2404 1898 2462; baseline -0.003 -10"><span class='ocrx_word' id='word_1_260' title='bbox 214 2409 367 2461; x_wconf 87' lang='lat' dir='ltr'>etiam]</span> <span class='ocrx_word' id='word_1_261' title='bbox 402 2415 447 2453; x_wconf 89' lang='lat' dir='ltr'>et</span> <span class='ocrx_word' id='word_1_262' title='bbox 478 2412 515 2452; x_wconf 91' lang='grc' dir='ltr'><em>Β</em></span> <span class='ocrx_word' id='word_1_263' title='bbox 650 2411 677 2452; x_wconf 92' lang='grc'>8</span> <span class='ocrx_word' id='word_1_264' title='bbox 706 2413 820 2462; x_wconf 79' lang='lat' dir='ltr'>post</span> <span class='ocrx_word' id='word_1_265' title='bbox 851 2422 1000 2452; x_wconf 90' lang='lat' dir='ltr'>sermo</span> <span class='ocrx_word' id='word_1_266' title='bbox 1034 2413 1145 2452; x_wconf 87' lang='lat' dir='ltr'>add.</span> <span class='ocrx_word' id='word_1_267' title='bbox 1178 2414 1227 2450; x_wconf 92' lang='lat' dir='ltr'>ut</span> <span class='ocrx_word' id='word_1_268' title='bbox 1257 2411 1295 2450; x_wconf 88' lang='lat' dir='ltr'><em>B</em></span> <span class='ocrx_word' id='word_1_269' title='bbox 1429 2410 1456 2450; x_wconf 88' lang='grc'>9</span> <span class='ocrx_word' id='word_1_270' title='bbox 1488 2409 1657 2449; x_wconf 78' lang='lat' dir='ltr'>animae</span> <span class='ocrx_word' id='word_1_271' title='bbox 1689 2404 1751 2457; x_wconf 89' lang='lat' dir='ltr'>(ae</span> <span class='ocrx_word' id='word_1_272' title='bbox 1784 2419 1839 2449; x_wconf 81' lang='lat' dir='ltr'>ex</span> <span class='ocrx_word' id='word_1_273' title='bbox 1869 2419 1898 2448; x_wconf 90' lang='lat' dir='ltr'>a</span> 
     </span>
     <span class='ocr_line' id='line_1_31' title="bbox 213 2467 1960 2522; baseline -0.002 -11"><span class='ocrx_word' id='word_1_274' title='bbox 213 2484 270 2512; x_wconf 89' lang='lat' dir='ltr'>m.</span> <span class='ocrx_word' id='word_1_275' title='bbox 305 2474 357 2512; x_wconf 79' lang='lat' dir='ltr'>ut</span> <span class='ocrx_word' id='word_1_276' title='bbox 388 2473 479 2512; x_wconf 82' lang='lat' dir='ltr'>vid.</span> <span class='ocrx_word' id='word_1_277' title='bbox 503 2469 547 2522; x_wconf 88' lang='lat'>2)</span> <span class='ocrx_word' id='word_1_278' title='bbox 581 2471 621 2511; x_wconf 87' lang='grc' dir='ltr'><em>Ρ</em></span> <span class='ocrx_word' id='word_1_279' title='bbox 658 2471 868 2511; x_wconf 88' lang='lat' dir='ltr'>animalis</span> <span class='ocrx_word' id='word_1_280' title='bbox 901 2467 1009 2521; x_wconf 74' lang='lat' dir='ltr'><em>(By)</em></span> <span class='ocrx_word' id='word_1_281' title='bbox 1042 2470 1115 2511; x_wconf 92' lang='lat' dir='ltr'>Ho</span> <span class='ocrx_word' id='word_1_282' title='bbox 1267 2469 1322 2510; x_wconf 89' lang='lat'>10</span> <span class='ocrx_word' id='word_1_283' title='bbox 1354 2471 1552 2519; x_wconf 80' lang='lat' dir='ltr'>utroque</span> <span class='ocrx_word' id='word_1_284' title='bbox 1583 2469 1686 2508; x_wconf 87' lang='lat' dir='ltr'>loco</span> <span class='ocrx_word' id='word_1_285' title='bbox 1719 2467 1896 2508; x_wconf 82' lang='lat' dir='ltr'>accedit</span> <span class='ocrx_word' id='word_1_286' title='bbox 1958 2493 1960 2495; x_wconf 66' lang='grc'><em>»</em></span> 
     </span>
     <span class='ocr_line' id='line_1_32' title="bbox 213 2526 1892 2578; baseline -0.002 -8"><span class='ocrx_word' id='word_1_287' title='bbox 213 2532 384 2571; x_wconf 82' lang='lat' dir='ltr'>conicit</span> <span class='ocrx_word' id='word_1_288' title='bbox 413 2531 486 2571; x_wconf 92' lang='lat' dir='ltr'>Ho</span> <span class='ocrx_word' id='word_1_289' title='bbox 579 2530 776 2571; x_wconf 87' lang='lat' dir='ltr'>delectio</span> <span class='ocrx_word' id='word_1_290' title='bbox 807 2530 843 2571; x_wconf 92' lang='lat' dir='ltr'><em>A</em></span> <span class='ocrx_word' id='word_1_291' title='bbox 936 2527 1025 2578; x_wconf 91' lang='lat' dir='ltr'>vel]</span> <span class='ocrx_word' id='word_1_292' title='bbox 1060 2533 1106 2570; x_wconf 88' lang='lat' dir='ltr'>et</span> <span class='ocrx_word' id='word_1_293' title='bbox 1135 2529 1174 2570; x_wconf 88' lang='grc' dir='ltr'><em>Β</em></span> <span class='ocrx_word' id='word_1_294' title='bbox 1308 2528 1361 2568; x_wconf 90' lang='grc'>16</span> <span class='ocrx_word' id='word_1_295' title='bbox 1394 2528 1509 2568; x_wconf 88' lang='lat' dir='ltr'>haec</span> <span class='ocrx_word' id='word_1_296' title='bbox 1541 2530 1611 2567; x_wconf 89' lang='lat' dir='ltr'>est</span> <span class='ocrx_word' id='word_1_297' title='bbox 1642 2529 1825 2578; x_wconf 71' lang='lat' dir='ltr'>tran-sp.</span> <span class='ocrx_word' id='word_1_298' title='bbox 1858 2526 1892 2567; x_wconf 89' lang='lat' dir='ltr'><em>A</em></span> 
     </span>
    </p>

    <p class='ocr_par' dir='ltr' id='par_1_10' title="bbox 211 2585 1895 2992">
     <span class='ocr_line' id='line_1_33' title="bbox 274 2585 1858 2639; baseline -0.003 -9"><span class='ocrx_word' id='word_1_299' title='bbox 274 2589 326 2629; x_wconf 90' lang='grc'>17</span> <span class='ocrx_word' id='word_1_300' title='bbox 360 2591 641 2639; x_wconf 88' lang='lat' dir='ltr'>appetitivae</span> <span class='ocrx_word' id='word_1_301' title='bbox 672 2590 712 2630; x_wconf 89' lang='lat' dir='ltr'>P</span> <span class='ocrx_word' id='word_1_302' title='bbox 742 2590 988 2639; x_wconf 88' lang='lat' dir='ltr'>appetivae</span> <span class='ocrx_word' id='word_1_303' title='bbox 1019 2589 1057 2629; x_wconf 90' lang='grc' dir='ltr'><em>Β</em></span> <span class='ocrx_word' id='word_1_304' title='bbox 1088 2589 1324 2638; x_wconf 89' lang='lat' dir='ltr'>appetitae</span> <span class='ocrx_word' id='word_1_305' title='bbox 1355 2587 1390 2628; x_wconf 84' lang='lat' dir='ltr'><em>A</em></span> <span class='ocrx_word' id='word_1_306' title='bbox 1516 2585 1569 2626; x_wconf 91' lang='grc'>18</span> <span class='ocrx_word' id='word_1_307' title='bbox 1603 2589 1648 2627; x_wconf 85' lang='lat' dir='ltr'>et</span> <span class='ocrx_word' id='word_1_308' title='bbox 1679 2597 1768 2626; x_wconf 91' lang='lat' dir='ltr'>om.</span> <span class='ocrx_word' id='word_1_309' title='bbox 1798 2585 1838 2626; x_wconf 88' lang='grc' dir='ltr'><em>Β</em></span> <span class='ocrx_word' id='word_1_310' title='bbox 1855 2605 1858 2606; x_wconf 44' lang='grc'>’</span> 
     </span>
     <span class='ocr_line' id='line_1_34' title="bbox 216 2638 1894 2698; baseline -0.002 -10"><span class='ocrx_word' id='word_1_311' title='bbox 216 2648 326 2688; x_wconf 88' lang='grc'>18-</span> <span class='ocrx_word' id='word_1_312' title='bbox 332 2648 387 2688; x_wconf 91' lang='grc'>20</span> <span class='ocrx_word' id='word_1_313' title='bbox 420 2649 614 2698; x_wconf 88' lang='lat' dir='ltr'>passio.</span> <span class='ocrx_word' id='word_1_314' title='bbox 647 2650 751 2690; x_wconf 80' lang='lat' dir='ltr'>,sic</span> <span class='ocrx_word' id='word_1_315' title='bbox 782 2650 830 2689; x_wconf 86' lang='lat' dir='ltr'>in</span> <span class='ocrx_word' id='word_1_316' title='bbox 863 2660 1012 2698; x_wconf 76' lang='lat' dir='ltr'>mar-9.</span> <span class='ocrx_word' id='word_1_317' title='bbox 1038 2649 1258 2698; x_wconf 85' lang='lat' dir='ltr'>inferiore</span> <span class='ocrx_word' id='word_1_318' title='bbox 1288 2647 1442 2697; x_wconf 81' lang='lat' dir='ltr'>suppl.</span> <span class='ocrx_word' id='word_1_319' title='bbox 1466 2638 1527 2686; x_wconf 70' lang='grc' dir='ltr'>Α2</span> <span class='ocrx_word' id='word_1_320' title='bbox 1635 2644 1808 2685; x_wconf 88' lang='grc'>18-19</span> <span class='ocrx_word' id='word_1_321' title='bbox 1839 2645 1894 2684; x_wconf 79' lang='lat' dir='ltr'>ir-</span> 
     </span>
     <span class='ocr_line' id='line_1_35' title="bbox 213 2703 1895 2757; baseline -0.002 -11"><span class='ocrx_word' id='word_1_322' title='bbox 213 2707 445 2747; x_wconf 87' lang='lat' dir='ltr'>rationalis</span> <span class='ocrx_word' id='word_1_323' title='bbox 477 2718 562 2757; x_wconf 77' lang='lat' dir='ltr'>eyo</span> <span class='ocrx_word' id='word_1_324' title='bbox 707 2707 763 2748; x_wconf 89' lang='lat'>22</span> <span class='ocrx_word' id='word_1_325' title='bbox 794 2718 903 2748; x_wconf 88' lang='lat' dir='ltr'>vero</span> <span class='ocrx_word' id='word_1_326' title='bbox 937 2718 1025 2748; x_wconf 89' lang='lat' dir='ltr'>om.</span> <span class='ocrx_word' id='word_1_327' title='bbox 1050 2706 1133 2748; x_wconf 91' lang='lat' dir='ltr'>AB</span> <span class='ocrx_word' id='word_1_328' title='bbox 1224 2705 1350 2755; x_wconf 88' lang='lat' dir='ltr'>quod</span> <span class='ocrx_word' id='word_1_329' title='bbox 1380 2715 1408 2744; x_wconf 86' lang='lat' dir='ltr'>a</span> <span class='ocrx_word' id='word_1_330' title='bbox 1439 2714 1490 2745; x_wconf 87' lang='lat' dir='ltr'>se</span> <span class='ocrx_word' id='word_1_331' title='bbox 1522 2704 1625 2753; x_wconf 83' lang='lat' dir='ltr'>ipso</span> <span class='ocrx_word' id='word_1_332' title='bbox 1658 2713 1778 2744; x_wconf 76' lang='lat' dir='ltr'>mov,</span> <span class='ocrx_word' id='word_1_333' title='bbox 1807 2703 1895 2744; x_wconf 82' lang='lat' dir='ltr'>dic.</span> 
     </span>
     <span class='ocr_line' id='line_1_36' title="bbox 213 2761 1823 2816; baseline -0.002 -10"><span class='ocrx_word' id='word_1_334' title='bbox 213 2769 297 2806; x_wconf 88' lang='lat' dir='ltr'>act.</span> <span class='ocrx_word' id='word_1_335' title='bbox 329 2763 395 2815; x_wconf 84' lang='lat' dir='ltr'>(h.</span> <span class='ocrx_word' id='word_1_336' title='bbox 421 2777 448 2806; x_wconf 93' lang='grc' dir='ltr'><em>ο</em></span> <span class='ocrx_word' id='word_1_337' title='bbox 454 2763 484 2815; x_wconf 94' lang='grc'>.)</span> <span class='ocrx_word' id='word_1_338' title='bbox 516 2766 550 2806; x_wconf 90' lang='grc' dir='ltr'><em>Α</em></span> <span class='ocrx_word' id='word_1_339' title='bbox 690 2766 746 2807; x_wconf 91' lang='grc'>23</span> <span class='ocrx_word' id='word_1_340' title='bbox 778 2767 914 2816; x_wconf 82' lang='lat' dir='ltr'>igitur</span> <span class='ocrx_word' id='word_1_341' title='bbox 943 2766 983 2807; x_wconf 94' lang='lat' dir='ltr'>P</span> <span class='ocrx_word' id='word_1_342' title='bbox 1017 2766 1202 2816; x_wconf 86' lang='lat' dir='ltr'>quidem</span> <span class='ocrx_word' id='word_1_343' title='bbox 1233 2764 1316 2806; x_wconf 87' lang='lat' dir='ltr'>AB</span> <span class='ocrx_word' id='word_1_344' title='bbox 1406 2763 1592 2813; x_wconf 87' lang='lat' dir='ltr'>quidem</span> <span class='ocrx_word' id='word_1_345' title='bbox 1625 2774 1714 2804; x_wconf 90' lang='lat' dir='ltr'>om.</span> <span class='ocrx_word' id='word_1_346' title='bbox 1739 2761 1823 2804; x_wconf 86' lang='lat' dir='ltr'>AB</span> 
     </span>
     <span class='ocr_line' id='line_1_37' title="bbox 213 2821 1893 2875; baseline -0.002 -11"><span class='ocrx_word' id='word_1_347' title='bbox 213 2825 531 2865; x_wconf 86' lang='lat' dir='ltr'>irrationabilis</span> <span class='ocrx_word' id='word_1_348' title='bbox 548 2825 583 2865; x_wconf 90' lang='lat' dir='ltr'><em>A</em></span> <span class='ocrx_word' id='word_1_349' title='bbox 669 2825 727 2866; x_wconf 88' lang='lat'>24</span> <span class='ocrx_word' id='word_1_350' title='bbox 751 2827 958 2875; x_wconf 80' lang='lat' dir='ltr'>corpori*</span> <span class='ocrx_word' id='word_1_351' title='bbox 984 2821 1026 2874; x_wconf 89' lang='lat' dir='ltr'>(s</span> <span class='ocrx_word' id='word_1_352' title='bbox 1050 2821 1191 2874; x_wconf 84' lang='lat' dir='ltr'>eras.)</span> <span class='ocrx_word' id='word_1_353' title='bbox 1217 2823 1298 2863; x_wconf 71' lang='lat'>”5</span> <span class='ocrx_word' id='word_1_354' title='bbox 1320 2823 1416 2874; x_wconf 80' lang='lat' dir='ltr'>fere</span> <span class='ocrx_word' id='word_1_355' title='bbox 1439 2822 1588 2863; x_wconf 80' lang='lat' dir='ltr'>litt.1³</span> <span class='ocrx_word' id='word_1_356' title='bbox 1666 2821 1721 2862; x_wconf 84' lang='lat'>25</span> <span class='ocrx_word' id='word_1_357' title='bbox 1750 2831 1893 2871; x_wconf 85' lang='lat' dir='ltr'>quan-</span> 
     </span>
     <span class='ocr_line' id='line_1_38' title="bbox 213 2878 1895 2935; baseline -0.002 -12"><span class='ocrx_word' id='word_1_358' title='bbox 213 2878 315 2935; x_wconf 71' lang='lat' dir='ltr'>dol!</span> <span class='ocrx_word' id='word_1_359' title='bbox 337 2880 485 2932; x_wconf 72' lang='grc' dir='ltr'>(ετ-τ-</span> <span class='ocrx_word' id='word_1_360' title='bbox 503 2885 640 2924; x_wconf 89' lang='lat' dir='ltr'>etiam</span> <span class='ocrx_word' id='word_1_361' title='bbox 665 2895 786 2925; x_wconf 83' lang='lat' dir='ltr'>eras.</span> <span class='ocrx_word' id='word_1_362' title='bbox 812 2882 925 2934; x_wconf 85' lang='lat' dir='ltr'>vid.)</span> <span class='ocrx_word' id='word_1_363' title='bbox 950 2885 989 2925; x_wconf 94' lang='lat' dir='ltr'>P</span> <span class='ocrx_word' id='word_1_364' title='bbox 1058 2886 1172 2935; x_wconf 81' lang='lat' dir='ltr'>post</span> <span class='ocrx_word' id='word_1_365' title='bbox 1202 2884 1266 2922; x_wconf 85' lang='lat' dir='ltr'>ira</span> <span class='ocrx_word' id='word_1_366' title='bbox 1297 2882 1407 2923; x_wconf 89' lang='lat' dir='ltr'>add.</span> <span class='ocrx_word' id='word_1_367' title='bbox 1433 2882 1507 2922; x_wconf 88' lang='lat' dir='ltr'>dei</span> <span class='ocrx_word' id='word_1_368' title='bbox 1531 2881 1568 2921; x_wconf 91' lang='grc' dir='ltr'><em>Β</em></span> <span class='ocrx_word' id='word_1_369' title='bbox 1681 2880 1737 2920; x_wconf 86' lang='grc'>26</span> <span class='ocrx_word' id='word_1_370' title='bbox 1769 2880 1895 2930; x_wconf 89' lang='lat' dir='ltr'>quod</span> 
     </span>
     <span class='ocr_line' id='line_1_39' title="bbox 211 2943 528 2992; baseline -0.003 -9"><span class='ocrx_word' id='word_1_371' title='bbox 211 2943 291 2983; x_wconf 87' lang='lat' dir='ltr'>PA</span> <span class='ocrx_word' id='word_1_372' title='bbox 327 2954 462 2992; x_wconf 90' lang='lat' dir='ltr'>quem</span> <span class='ocrx_word' id='word_1_373' title='bbox 491 2943 528 2982; x_wconf 88' lang='lat' dir='ltr'><em>B</em></span> 
     </span>
    </p>
   </div>
  </div>
 </body>
</html>
