1982 3172
630 76 714 121 DE
749 75 960 122 GUSTU
994 74 1132 120 CAP.
1157 73 1285 120 vnn
1732 81 1801 128 35

116 216 311 274 solum,
335 229 459 266 cum
489 215 569 266 eis
598 212 1168 277 appropinquaverint
1199 225 1300 262 sua
1331 209 1614 261 sensibilia
1645 223 1799 272 prae-

115 297 195 343 ter
227 303 308 348 ea,
349 303 488 353 quae
527 289 636 339 iam
676 293 806 339 sunt
841 292 1083 350 experta.
1133 285 1228 337 Est
1263 285 1430 349 igitur
1462 290 1662 349 gustus
1699 283 1799 335 hu·
1836 294 1861 334 2

114 378 328 416 morum
350 364 717 428 perceptivus.
756 361 1125 414 Instrumenta
1149 374 1281 412 vero
1306 360 1429 411 eius
1456 364 1584 411 sunt
1610 358 1801 423 lingua

111 444 164 490 et
204 439 368 490 huius
410 438 588 501 magis
629 443 962 493 extremum;
1005 435 1312 498 iterumque
1356 448 1479 485 cum
1519 433 1606 484 his
1645 432 1797 496 pala-

0 527 2 529 ·
68 519 244 572 stum,
273 514 327 564 in
361 513 561 576 quibus
594 518 721 564 sunt
753 526 786 562 a
818 511 1041 563 cerebro
1073 510 1227 561 nervi
1258 509 1472 560 dilatati
1503 507 1712 559 diducti
1746 514 1799 559 et

112 588 427 639 nuntiantes
457 587 659 638 factam
695 586 1105 651 perceptionem
1139 583 1444 648 principali.
1490 582 1798 634 Humorum
1835 594 1861 635 3

111 676 244 714 vero
285 661 591 726 gustabiles
634 661 951 712 nominatae
996 659 1291 723 qualitates
1336 663 1463 710 sunt
1506 658 1634 709 hae:
1679 657 1799 708 dul-

113 737 264 795 cedo,
291 737 601 794 acetositas,
632 735 960 792 amaritudo,
991 734 1207 791 acredo,
1242 738 1550 801 ponticitas,
1580 737 1802 788 austeri-

111 817 212 869 tas,
252 810 487 869 salsitaS,
530 809 894 874 pinguositas.
946 808 1155 859 Harum
1196 821 1435 871 namque
1477 812 1562 858 est
1599 811 1798 871 gustus

49 903 90 939 ιο
113 885 424 950 cognitivus
467 890 521 936 et
568 883 871 935 secundum
916 883 1018 934 has
1066 882 1361 947 qualitates
1407 895 1554 945 aqua
1601 881 1798 932 dicitur

112 960 228 1011 sine
281 957 544 1023 qualitate
598 971 683 1017 e0,
739 957 888 1021 quod
943 956 1155 1008 nullam
1194 957 1425 1008 istarum
1468 955 1797 1020 qualitatum

109 1032 367 1085 ostendat
392 1033 448 1084 in
481 1039 664 1097 gustu.
707 1031 1023 1084 Secundum
1057 1031 1196 1082 alias
1228 1045 1468 1095 namque
1502 1029 1797 1094 qualitates
1834 1042 1859 1082 4

109 1107 164 1158 id
195 1113 279 1160 est
314 1107 617 1159 secundum
651 1106 1015 1172 frigiditatem
1049 1112 1105 1157 et
1137 1105 1541 1165 humiditatem,
1576 1105 1797 1157 coinna-

110 1188 220 1234 tam
242 1182 407 1234 habet
433 1181 770 1246 qualitatem.
806 1181 1108 1233 Ponticitas
1132 1195 1267 1233 vero
1294 1185 1348 1232 et
1372 1180 1669 1233 austeritas
1692 1179 1798 1231 dif-

45 1274 87 1309 15
112 1256 294 1308 ferunt
325 1257 632 1307 abinvicem
669 1257 723 1307 in
757 1256 878 1314 hoc,
916 1256 1065 1320 quod
1101 1255 1276 1307 altera
1310 1256 1380 1307 ab
1413 1255 1587 1307 altera
1617 1259 1798 1320 magis

110 1337 193 1383 est
251 1332 501 1396 styptica.
574 1330 863 1394 Simplices
922 1331 1090 1395 igitur
1148 1330 1456 1394 gustabiles
1502 1330 1797 1395 qualitates
1834 1342 1858 1381 5

111 1405 481 1464 manifestum,
541 1405 690 1470 quod
750 1405 855 1456 hae
899 1405 1052 1457 solae
1098 1406 1230 1463 sint;
1276 1406 1619 1469 compositae
1661 1419 1796 1458 vero

110 1480 272 1531 mille.
307 1480 448 1531 Nam
478 1494 575 1545 per
601 1494 1049 1544 unamquamque
1079 1481 1319 1544 speciem
1347 1480 1604 1532 animalis
1631 1486 1797 1544 atque

109 1554 421 1618 plantarum
442 1556 699 1619 propriae
726 1555 1020 1619 qualitates
1046 1560 1187 1607 sunt.
1224 1555 1326 1607 Per
1350 1555 1517 1614 aliam
1541 1570 1796 1620 namque,

40 1644 86 1680 20
109 1635 168 1681 ut
197 1630 480 1694 contingit,
510 1630 831 1694 qualitatem
863 1631 1148 1694 porcinam
1178 1645 1397 1682 carnem
1429 1626 1797 1695 apprehendi-

107 1718 231 1755 mus
264 1709 318 1755 et
356 1717 452 1768 per
488 1703 653 1755 aliam
693 1705 1024 1767 pecorinam.
1073 1704 1233 1756 Unde
1268 1705 1436 1756 etiam
1471 1705 1795 1762 nescientes,

110 1777 287 1841 qualis
329 1779 398 1829 sit
441 1779 749 1831 ministrata
791 1793 934 1838 caro,
977 1785 1146 1843 gustu
1190 1779 1556 1838 dinoscimus:
1598 1784 1652 1831 et
1690 1779 1797 1831 hoc

108 1866 239 1903 vero
294 1866 405 1904 non
463 1858 623 1911 esset,
664 1854 770 1904 nisi
814 1853 1035 1905 diversa
1078 1853 1316 1918 qualitas
1358 1854 1793 1919 uniuscuiusque

107 1925 465 1990 gustabilium
509 1926 667 1979 foret'.
723 1927 887 1980 Unde
926 1942 1278 1992 nequaquam
1323 1943 1419 1980 eas
1463 1928 1793 1992 generaliter
1830 1939 1854 1978 6

41 2016 85 2051 25
107 2001 359 2052 aestimet
382 2014 503 2052 esse
534 2001 980 2055 inconvenientes
1009 2008 1063 2054 et
1092 2003 1317 2055 omnino
1348 2003 1656 2055 abinvicem
1687 2003 1791 2055 dif-

108 2074 361 2126 ferentes.
396 2074 606 2126 Etenim
636 2076 689 2126 in
719 2077 918 2140 quibus
948 2077 1484 2141 superabundaverit
1512 2093 1792 2142 unaquae-

109 2148 239 2200 libet
274 2149 605 2213 simplicium
646 2151 988 2214 qualitatum,
1026 2152 1080 2202 in
1118 2152 1204 2203 his
1243 2154 1409 2204 etiam
1449 2152 1791 2205 dinoscibilis

106 2225 206 2274 erit
230 2223 548 2275 differentia
575 2225 934 2288 gustabilium
963 2227 1266 2278 secundum
1297 2228 1553 2291 speciem.
1594 2227 1651 2277 In
1679 2227 1788 2278 ficu

181 2434 198 2474 1
236 2436 706 2485 appropinquaverint
738 2435 771 2476 A
807 2437 1214 2487 propinquaverint
1246 2439 1328 2479 ΡΒ
1457 2438 1482 2479 3
1516 2435 1633 2487 eius]
1669 2450 1726 2480 ea
1757 2439 1793 2479 Β

163 2492 189 2534 4
222 2494 400 2543 palatus
431 2495 469 2536 Β
665 2495 690 2535 5
725 2496 893 2546 quibus
925 2496 1005 2538 PA
1040 2497 1111 2538 his
1143 2498 1181 2538 Β
1332 2496 1713 2539 diducti'dilatati
1748 2503 1792 2539 et

105 2548 170 2600 (h.
195 2550 259 2602 ο.)
291 2553 330 2594 Ρ
359 2554 532 2595 dilatati
566 2555 750 2596 deducti
781 2555 820 2596 Β
941 2556 965 2596 7
999 2557 1265 2598 nominatae
1298 2568 1387 2598 om.
1420 2556 1455 2598 A
1580 2557 1606 2598 8
1639 2560 1789 2599 auste-

104 2611 209 2652 ritas
240 2623 328 2654 om.
360 2613 395 2653 A
607 2614 634 2654 9
667 2615 956 2664 pinguositas
987 2616 1027 2656 P
1065 2617 1322 2666 pingositas
1354 2616 1389 2657 A
1425 2613 1662 2667 pinguedo
1694 2617 1732 2658 Β

107 2669 161 2710 10
191 2672 419 2722 cognitius
451 2668 509 2714 Ρι
541 2685 660 2716 corr.
693 2667 753 2715 Ρ2
896 2685 1017 2724 aqua
1050 2675 1136 2715 dic.
1170 2677 1353 2726 transp.
1385 2675 1436 2726 B,
1468 2678 1668 2729 exspect.
1702 2677 1789 2718 dic.

99 2731 214 2780 post
243 2730 460 2781 qualitate
485 2729 576 2784 (11)
686 2733 734 2773 11
771 2734 881 2784 fort.
911 2734 1176 2784 qualitatem
1210 2730 1479 2786 (ποιότητα)
1590 2735 1644 2776 12
1677 2737 1790 2777 alias

103 2786 320 2839 namque]
353 2794 502 2833 autem
536 2793 648 2833 alias
680 2793 717 2833 Β
870 2792 924 2833 13
956 2794 1220 2835 coinnatum
1254 2794 1334 2836 PA
1368 2791 1467 2847 (αρ.
1499 2794 1567 2847 By
1600 2797 1702 2838 cod.
1740 2794 1790 2847 V)

102 2845 306 2891 colnatat
335 2849 372 2890 Β
554 2851 608 2892 14
640 2847 719 2904 etl!
748 2848 814 2901 (ia
846 2850 987 2903 eras.)
1019 2852 1059 2895 P
1240 2853 1293 2896 18
1326 2857 1465 2906 atque
1497 2854 1536 2897 Ρ
1565 2856 1611 2897 et
1642 2854 1724 2897 AB

106 2906 161 2949 19
191 2907 281 2949 3113
311 2908 349 2950 Β
528 2910 583 2952 24
615 2923 716 2953 eam
749 2912 786 2954 Β
967 2911 1022 2953 27
1055 2912 1102 2953 in
1134 2912 1173 2954 Ρ
1202 2915 1248 2955 et
1278 2912 1362 2955 AB
