1982 3172
119 99 205 146 ΑΒ
239 97 504 146 ALFANO
539 98 605 143 IN
640 96 930 142 LATINUM
965 92 1404 140 TRANSLATUM
1442 91 1579 138 CAP.
1607 91 1645 136 II
1694 98 1763 147 43

77 236 378 289 secundum
401 234 637 286 eundern
664 233 922 297 perfectis
946 231 1263 284 hominibus
1287 232 1340 281 in
1366 230 1764 281 resurrectione

77 313 382 363 animarum
410 323 697 360 numerum
725 307 1100 371 explentibus;
1129 320 1238 369 quo
1267 305 1398 369 quid
1426 306 1528 356 erit
1554 304 1766 355 irratio·
1800 310 1873 351 δα

78 385 331 443 nabilius‚
369 385 548 436 dicere
586 383 852 434 mundum
892 388 1021 434 tunc
1057 381 1349 443 corrumpi,
1389 394 1510 431 cum
1549 378 1767 442 perfici-

79 462 203 512 tur?
243 459 421 511 Valde
456 460 600 510 enim
636 465 948 510 tenerorum
984 471 1281 520 puerorum
1317 461 1400 506 est
1434 454 1635 505 modus
1663 454 1766 504 iste

33 536 133 585 5in
172 549 339 586 arena
381 534 559 597 campi
602 548 745 590 mox,
788 538 846 583 ut
888 531 1299 594 compleverint,
1343 529 1767 580 dissolventium

79 609 241 661 facta.
293 609 435 659 Nam
478 609 657 659 dicere
699 608 912 659 ratione
954 606 1336 670 providentiae
1379 610 1432 656 et
1472 618 1583 655 non
1621 617 1767 654 crea·
1803 609 1853 649 81

80 685 244 735 tionis
275 683 396 735 fieri
430 683 643 734 animas
681 681 812 747 (non
849 682 992 732 enim
1029 681 1395 731 substantiam
1429 693 1632 730 novam
1666 692 1766 728 nec

80 758 245 809 aliam
287 772 451 821 quarn
492 758 818 808 existentem
860 762 944 807 est
983 755 1258 812 inducere,
1303 754 1399 805 sed
1442 754 1768 804 existentem

83 847 179 896 per
214 831 620 897 providentiam
658 828 1035 894 multiplicari)
1075 830 1448 893 ignorantium
1485 834 1569 879 est
1607 826 1771 878 diffe-

19 922 59 957 ιο
84 911 308 962 rentiam
335 910 624 961 creationis
651 915 703 960 et
729 909 1121 972 providentiae.
1159 907 1542 958 Providentiae
1570 906 1771 956 etenim
1805 908 1861 949 82

82 995 224 1045 opus
245 986 328 1032 est
353 994 420 1031 ex
448 981 882 1043 uniuscuiusque
912 981 1119 1031 semine
1147 992 1475 1030 conservare
1500 978 1766 1040 corrupti-

63 1055 273 1106 bilium
331 1055 652 1106 animalium
714 1055 1106 1111 substantiam;
1149 1052 1291 1104 'dico
1335 1058 1520 1104 autem
1565 1066 1772 1110 eorum,

47 1128 224 1194 ⁴quae
281 1144 391 1181 non
450 1130 594 1181 fiun't
652 1143 748 1193 per
792 1129 1156 1193 putredinem,
1202 1129 1330 1192 quia
1372 1127 1571 1179 horum
1608 1140 1774 1190 gene-

84 1206 352 1257 rationem
411 1205 521 1255 alia
563 1206 776 1256 -iterum
823 1204 1057 1268 putredo
1103 1208 1409 1255 conservat.
1466 1202 1773 1253 Creationis
1808 1207 1864 1248 83

21 1294 63 1330 15
85 1293 217 1330 vero
245 1280 515 1343 optimum
549 1293 692 1341 opus
723 1285 820 1336 est,
854 1292 921 1329 ex
954 1293 1063 1329 non
1095 1278 1458 1329 existentibus
1489 1277 1685 1328 facere.
1719 1276 1774 1327 Si
1809 1281 1893 1335 84,

87 1354 255 1418 igitur
284 1367 354 1405 ex
389 1354 825 1417 uniuscuiusque
863 1354 1070 1404 semine
1108 1354 1325 1403 animae
1364 1352 1521 1410 fiunt,
1561 1352 1770 1403 ratione

88 1428 470 1492 providentiae
507 1428 652 1479 fiunt
687 1434 740 1479 et
779 1427 1163 1492 corruptibiles
1201 1433 1343 1486 sunt,
1381 1432 1442 1478 ut
1478 1427 1602 1485 alia,
1635 1438 1776 1490 quae

87 1517 155 1554 ex
190 1503 496 1567 propagine
532 1504 749 1566 generis
786 1502 944 1555 fiunt.
991 1502 1047 1553 Si
1084 1516 1216 1554 vero
1253 1516 1319 1553 ex
1348 1516 1460 1553 non
1496 1502 1778 1553 existenti-

87 1577 190 1628 bus
235 1577 585 1636 inducuntur,
632 1579 845 1629 ratione
893 1578 1186 1629 creationis
1233 1577 1377 1628 fiunt
1422 1582 1476 1628 et
1523 1591 1634 1628 non
1675 1577 1777 1628 erit

22 1666 295 1711 zoverum,
335 1652 484 1716 quod
526 1652 805 1717 Moyses
845 1653 945 1703 ait:
985 1652 1305 1715 „Requievit
1346 1652 1484 1703 deus
1524 1652 1593 1702 ab
1628 1652 1778 1703 omni

90 1740 256 1790 opere
285 1726 433 1778 suo‚“
475 1726 583 1778 Sed
613 1733 845 1791 utraque
876 1733 1003 1778 sunt
1032 1728 1489 1779 inconvenientia.
1531 1726 1656 1777 Non
1680 1727 1780 1790 igi·
1814 1732 1868 1772 85

91 1806 178 1852 tur
214 1801 384 1853 modo
423 1802 640 1853 animae
681 1801 840 1853 fiunt.
892 1802 1031 1853 Illud
1073 1803 1217 1853 enim
1261 1802 1410 1865 quod
1445 1802 1546 1852 ait:
1587 1802 1779 1860 „Pater

91 1889 247 1926 meus
282 1890 457 1939 usque
493 1876 662 1928 modo
699 1876 1006 1940 operatur,“
1043 1891 1154 1928 non
1192 1877 1276 1927 ad*
1301 1877 1650 1935 creationem,
1682 1877 1779 1927 sed

91 1949 162 2000 ad
198 1950 603 2013 providentiam
639 1951 846 2003 dictum
880 1966 1003 2003 esse
1037 1953 1085 2003 ei
1122 1952 1316 2015 placet.
1419 1951 1652 2002 Videtur
1686 1966 1781 2002 au·
1815 1956 1872 1996 86

24 2037 70 2074 25
93 2033 202 2078 tem
233 2026 616 2090 Apolinario
651 2030 863 2080 animas
896 2030 966 2080 ab
995 2030 1286 2080 animabus
1320 2031 1487 2094 gigni,
1521 2034 1578 2080 ut
1611 2043 1643 2079 a
1673 2044 1784 2080 cor-

95 2098 321 2161 poribus
349 2112 605 2162 corpora;
634 2102 930 2164 propagari
959 2116 1196 2164 namque
1224 2102 1465 2152 animam
1495 2115 1591 2164 per
1618 2115 1781 2164 gene-

167 2219 193 2259 2
226 2230 319 2270 quo
346 2221 456 2270 quid
481 2221 519 2262 Β
551 2232 644 2271 quo
672 2222 783 2272 quid
795 2216 832 2274 ss
847 2218 940 2271 (em
967 2235 1089 2264 eras.
1115 2220 1228 2273 vid.)
1254 2223 1293 2263 Ρ
1324 2223 1451 2273 quod
1475 2223 1509 2264 A
1627 2222 1653 2262 4
1687 2233 1783 2262 mo*

93 2279 177 2319 dus
210 2280 295 2321 iste
328 2282 511 2331 transp.
543 2281 581 2322 Β
767 2281 793 2321 5
827 2293 965 2323 arena
995 2283 1068 2324 Ηο
1101 2294 1286 2324 arenam
1318 2283 1358 2323 P
1387 2282 1605 2325 harenam
1639 2281 1723 2323 AB

95 2338 119 2378 7
153 2339 251 2380 iieri
286 2359 338 2366 -
377 2339 430 2379 10
463 2341 710 2382 creationis
743 2352 832 2382 om.
865 2341 899 2382 A
1085 2343 1109 2382 7
1144 2336 1340 2395 (enim)
1375 2354 1462 2393 eyo
1495 2354 1596 2383 cum
1631 2342 1700 2392 By
1731 2341 1786 2382 El

93 2409 182 2439 om.
214 2398 298 2440 ΡΒ
523 2399 550 2440 9
583 2400 890 2450 ignorantium
924 2404 993 2443 est
1025 2402 1093 2453 89
1125 2402 1179 2443 El
1210 2402 1284 2443 Ho
1317 2398 1642 2452 (ἀγνοούντων
1675 2395 1785 2450 tert)

93 2458 409 2508 ignorantibus
441 2470 546 2501 esse
578 2460 660 2501 ΡΒ
805 2459 858 2500 10
891 2462 1060 2502 etenim
1092 2462 1176 2502 ΡΒ
1208 2462 1330 2502 enim
1363 2461 1397 2502 A
1540 2460 1594 2501 12
1628 2471 1783 2502 eorum

93 2527 182 2557 om.
213 2516 248 2558 A
404 2517 457 2559 13
489 2518 606 2560 fiunt
638 2515 674 2568 (t
706 2521 752 2560 ἰη
786 2532 880 2562 ras.
914 2532 971 2560 m.
1003 2518 1048 2571 2)
1080 2521 1120 2562 Ρ
1195 2532 1275 2570 per
1307 2520 1616 2570 putredinem,
1660 2518 1785 2571 quia]

96 2576 334 2624 putredine
367 2589 504 2627 quam
536 2578 571 2619 A
698 2579 750 2618 15
785 2590 903 2629 opus
935 2582 1004 2621 est
1027 2579 1116 2622 PC
1145 2582 1328 2631 transp.
1353 2580 1387 2621 A
1423 2583 1493 2621 est
1525 2581 1786 2628 deleverim,

95 2635 151 2685 ef.
182 2639 340 2685 48,19,·
370 2641 528 2688 80,15,·
565 2640 613 2680 ἰη
648 2640 783 2680 codd.
811 2638 974 2680 Graec.
1005 2635 1126 2679 TTBF
1158 2642 1300 2681 etiam
1334 2644 1398 2688 50,
1420 2645 1467 2688 1;
1500 2645 1588 2689 124,
1606 2645 1658 2680 22
1698 2636 1788 2679 ἐετι

95 2706 189 2735 ηοη
221 2695 395 2746 legitur
546 2698 599 2738 17
641 2699 951 2748 corruptibilia
980 2698 1015 2739 A
1110 2702 1158 2740 ut
1190 2699 1279 2739 alia
1311 2699 1398 2740 ΡΒ
1430 2702 1478 2739 ut
1509 2711 1567 2741 ex
1600 2700 1676 2740 illa
1709 2695 1786 2748 (ex

94 2765 241 2804 supra
274 2752 412 2807 vers.)
443 2756 478 2797 A
621 2757 674 2799 18
708 2759 931 2808 progenie
963 2757 1047 2799 AB
1184 2758 1353 2799 20—21
1391 2761 1566 2810 expect.
1601 2760 1659 2799 ab
1692 2769 1789 2800 orn-

95 2814 231 2854 nibus
264 2815 481 2864 operibus
512 2818 608 2858 suis
641 2814 728 2869 (By
759 2817 827 2867 ΕΙ,
861 2812 952 2856 ἀπὸ
985 2813 1177 2856 πάντων
1208 2818 1306 2858 τῶν
1339 2815 1491 2869 ἔργων
1523 2815 1691 2868 αὐτοῦ)
1733 2820 1790 2869 cf.

94 2877 283 2922 44,5-6
401 2874 457 2916 23
488 2887 636 2928 usque
661 2877 801 2918 modo
827 2889 916 2919 om.
934 2877 1013 2918 PA
1139 2877 1194 2918 24
1226 2879 1271 2920 ei
1295 2881 1408 2920 ante
1433 2878 1602 2920 dictum
1626 2890 1737 2929 pon.
1756 2879 1792 2920 Β

98 2931 151 2972 25
185 2932 456 2982 apollinario
490 2936 528 2976 P
557 2936 826 2986 apolenario
859 2937 907 2986 Β,
941 2938 997 2988 cf.
1030 2942 1069 2987 5,
1090 2942 1139 2978 13
1230 2939 1324 2989 igni
1357 2932 1417 2978 P¹
1450 2949 1568 2980 corr.
1602 2931 1662 2979 Ρ8
