1982 3172
234 112 302 162 22
430 129 434 132 -
475 136 478 138 -
600 103 866 150 NEMESIIA
890 103 1206 149 PREMNON
1237 103 1563 150 PHYSICON

235 255 357 293 sum
389 247 507 293 erat
539 240 757 293 laedere
790 240 1084 298 hominem,
1119 240 1217 292 sed
1251 246 1406 292 erant
1436 241 1486 292 ei
1514 242 1702 293 omnia
1733 242 1911 294 famu-

235 314 406 366 lantia
444 320 498 366 et
537 315 829 378 supposita
867 320 1033 377 atque
1073 313 1440 373 oboedientia,
1481 314 1658 367 donec
1693 329 1752 367 se
1790 312 1916 368 reti-

231 389 351 441 nuit
383 403 417 440 a
452 389 691 452 propriis
725 389 1081 452 passionibus
1116 394 1169 440 et
1203 389 1273 440 ab
1306 389 1740 450 irrationalitate,
1770 404 1911 455 quae

150 469 205 510 88
235 463 291 513 in
332 464 472 526 ipso.
524 463 648 514 Non
691 477 748 514 se
790 468 975 514 autern
1016 463 1256 514 retinens
1294 477 1328 513 a
1368 464 1607 526 propriis
1645 463 1918 528 passioni·

233 537 352 595 bus,
394 537 491 588 sed
534 543 823 589 contentus
864 537 934 588 ab
974 537 1126 601 ipsiS‚
1169 537 1335 601 digne
1376 538 1635 590 obtentus
1670 544 1754 591 est
1789 545 1846 591 et
1879 552 1913 590 a
1943 545 1982 578 ’5

183 641 186 644 -
234 609 367 663 feris
401 612 785 663 exterioribus,
827 611 1133 663 Cointravit
1166 625 1404 676 namque
1438 618 1664 676 peccato
1697 617 1752 664 et
1782 610 1915 668 isto-

90 736 95 739 ,
149 691 205 732 89
235 699 357 736 rum
418 685 607 737 laesio.
711 685 876 742 Quod
938 692 1123 738 autem
1184 700 1376 738 verum
1438 687 1508 738 sit
1567 686 1687 746 hoe,
1741 687 1914 738 mani·
1950 681 1959 690 ’

236 757 440 811 festum
469 773 537 811 ex
564 760 666 818 his,
696 761 789 823 qui
818 761 1084 824 optimam
1113 761 1284 812 vitam
1313 760 1535 812 ducunt.
1571 760 1712 811 Nam
1739 760 1914 814 illaesi

236 834 437 898 reperti
475 840 602 886 sunt
637 849 670 885 a
707 834 949 886 ferarum
986 835 1151 893 rabie,
1188 841 1248 886 ut
1282 849 1316 886 a
1345 835 1599 887 leonibus
1635 834 1831 888 Daniel
1861 841 1915 887 et

151 914 206 955 90
237 908 497 960 Paulus
535 923 568 959 a
606 923 794 960 morsu
831 909 1070 972 viperae.
1175 909 1312 966 Quis
1350 910 1517 974 igitur
1555 909 1722 974 digne
1757 909 1917 961 mire·
1946 914 1982 950 ¹0

238 988 324 1034 tur
362 982 708 1034 nobilitatem
749 984 913 1034 huius
954 984 1209 1035 animalis
1250 984 1564 1047 colligantis
1603 985 1658 1035 in
1698 997 1758 1036 se
1792 984 1916 1048 ipso

238 1057 494 1108 mortalia
525 1057 930 1109 immortalibus
963 1063 1018 1109 et
1050 1058 1399 1110 rationabilia
1433 1059 1816 1122 coniungentis
1850 1059 1918 1108 ir-

238 1131 674 1189 rationabilibus,
708 1131 935 1183 ferentis
969 1133 1024 1183 in
1060 1147 1161 1183 sua
1192 1138 1390 1183 natura
1425 1133 1605 1183 omnis
1638 1138 1917 1184 creaturae

239 1205 576 1268 imaginem?
630 1205 694 1256 Et
737 1211 1030 1268 propterea
1071 1207 1467 1257 microcosmus
1509 1206 1826 1258 nominatur
1866 1205 1920 1256 in

240 1285 453 1330 tantum
487 1279 815 1331 sublimatus
849 1295 882 1330 a
915 1280 1003 1332 dei
1038 1281 1416 1344 praescientia,
1449 1286 1510 1333 ut
1540 1285 1768 1344 propter
1792 1293 1917 1332 eum
1947 1284 1982 1320 ¹⁵

241 1354 350 1405 sint
379 1354 565 1405 omnia
595 1360 648 1405 et
679 1355 992 1417 praesentia
1021 1361 1074 1406 et
1105 1355 1307 1413 futura,
1338 1361 1563 1418 propter
1589 1368 1751 1418 quem
1781 1353 1919 1406 deus

240 1427 407 1479 homo
447 1427 627 1479 factus
667 1434 764 1485 est,
804 1429 1123 1493 pertingens
1161 1429 1232 1479 ad
1272 1430 1739 1492 incorruptionem
1775 1442 1919 1481 mor-

243 1501 618 1564 talitatemque
642 1502 919 1564 ignorans
949 1501 1005 1551 In
1035 1502 1199 1552 caelis
1230 1508 1422 1565 regnat
1448 1501 1519 1552 ad
1547 1501 1844 1565 imaginem
1866 1506 1918 1553 et

242 1575 657 1628 similitudinem
700 1576 788 1627 dei
832 1576 1027 1635 factus,
1070 1591 1191 1627 cum
1235 1576 1517 1628 Christo
1559 1576 1726 1640 degit,
1766 1575 1919 1628 filius

154 1654 204 1695 91
241 1649 330 1701 dei
369 1656 466 1707 est,
507 1651 656 1701 omni
696 1652 1027 1714 principatui
1067 1666 1131 1702 ac
1170 1652 1430 1714 potestati
1470 1650 1763 1715 praesidet.
1808 1649 1917 1705 Sed
1945 1655 1982 1691 Ξ

242 1724 364 1786 quis
395 1738 650 1775 enarrare
681 1725 887 1776 valebit
918 1725 1083 1776 huius
1114 1725 1462 1777 abundantes
1495 1725 1920 1788 possessiones?

242 1796 446 1860 Pelaga
471 1798 679 1855 transit,
711 1799 920 1849 caelum
939 1799 1364 1862 contemplando
1382 1798 1731 1857 transcendit,
1745 1802 1920 1850 astro-

246 1885 361 1924 rum
405 1877 589 1923 motus
634 1877 688 1923 et
731 1872 1022 1924 distantias
1068 1887 1132 1923 ac
1175 1886 1461 1923 mensuras
1506 1873 1674 1930 novit,
1716 1877 1915 1923 terram

242 1951 296 1997 et
327 1960 476 1996 mare
507 1946 797 1997 usufructu
830 1947 1094 2009 possidet,
1127 1947 1275 1998 ieras
1305 1953 1358 1998 et
1386 1953 1501 1998 cete
1533 1946 1780 2010 despicit,
1807 1959 1923 1998 om-

243 2034 367 2070 nem
410 2020 758 2083 disciplinam
798 2026 851 2072 et
891 2027 1063 2072 artem
1105 2027 1158 2072 et
1197 2021 1445 2084 regulam
1486 2021 1686 2084 dirigit,
1727 2020 1922 2072 litteris
1946 2027 1982 2063 25

245 2094 444 2157 quibus
475 2094 713 2146 voluerit
746 2096 988 2158 exponit,
1021 2111 1054 2146 a
1089 2110 1317 2159 corpore
1351 2097 1406 2146 in
1438 2095 1592 2146 nullo
1619 2094 1920 2158 impeditus

245 2168 538 2231 prophetat
582 2168 784 2227 futura,
830 2170 1086 2221 omnibus
1132 2171 1484 2233 principatur,
1529 2169 1716 2221 omnia
1757 2173 1919 2226 tenet,

317 2272 335 2312 1
373 2272 610 2313 familiaria
641 2273 674 2314 A
755 2274 781 2314 2
814 2271 980 2323 donec]
1016 2275 1234 2324 quamdiu
1264 2275 1299 2316 A
1379 2273 1405 2315 3
1438 2275 1496 2314 ab
1528 2285 1617 2315 om.
1648 2273 1690 2314 D
1752 2273 1922 2314 irratio-

240 2332 476 2373 nabilitate
506 2333 544 2373 B
616 2332 642 2372 4
674 2345 725 2374 se
758 2336 909 2375 autem
942 2336 1123 2385 transp.
1148 2334 1183 2375 A
1263 2334 1288 2374 5
1321 2336 1611 2382 contemptus
1633 2332 1668 2373 A
1731 2332 1845 2380 ipsis
1877 2331 1923 2372 M

240 2391 327 2432 illis
357 2391 395 2432 Β
508 2391 535 2431 6
567 2393 865 2434 exterioribus
897 2405 986 2434 om.
1018 2394 1055 2433 Β
1125 2392 1329 2435 Coicavit
1353 2408 1407 2424 =
1435 2391 1798 2432 Communicavit
1826 2390 1862 2431 A

241 2453 432 2498 peccato
454 2453 567 2501 post
589 2451 734 2492 laesio
756 2463 868 2502 pon.
885 2452 925 2493 D
997 2452 1023 2492 9
1048 2455 1093 2494 et
1117 2464 1206 2493 om.
1223 2453 1262 2493 Β
1324 2451 1378 2492 10
1403 2462 1554 2491 morsu
1577 2451 1670 2499 vip.
1688 2451 1870 2502 transp.
1887 2449 1924 2490 B

303 2508 350 2548 11
389 2509 633 2560 collig’ntis
666 2513 712 2552 et
743 2512 791 2551 in
823 2523 972 2562 mat-y.
1006 2513 1067 2553 ab
1100 2513 1204 2553 ead.
1237 2523 1294 2552 m.
1327 2510 1400 2551 vel
1432 2509 1691 2560 colligantis
1721 2508 1756 2549 A
1831 2502 1922 2562 lsin

241 2563 306 2615 (et
338 2580 457 2609 eras.
491 2565 603 2619 vid.)
635 2570 675 2610 Ρ
795 2570 848 2611 12
881 2573 927 2612 et
957 2582 1046 2612 om.
1078 2571 1116 2612 Β
1177 2569 1416 2611 rationalia
1444 2568 1478 2609 A
1543 2568 1836 2618 coniungens
1864 2560 1924 2608 Ρι

241 2638 359 2668 corr.
390 2621 451 2667 12²
510 2624 635 2677 in(ir-
651 2626 1008 2679 A)rationalibus
1039 2629 1117 2671 PA
1228 2628 1281 2669 15
1314 2628 1574 2677 praesentia
1603 2626 1638 2668 A
1734 2625 1790 2667 19
1820 2636 1921 2668 cum

243 2683 418 2726 Christo
444 2686 570 2736 degit
592 2688 733 2728 om.A
809 2687 864 2728 20
897 2688 944 2729 Si
968 2683 1028 2729 Ρ1
1052 2701 1171 2730 corr.
1187 2681 1246 2728 1²¹
1315 2686 1366 2727 21
1403 2685 1563 2736 quidA
1629 2685 1925 2735 passionesB

301 2743 357 2784 22
390 2745 632 2795 pelagusA
711 2746 767 2787 23
799 2745 860 2797 et]
887 2748 990 2789 acA
1066 2747 1122 2788 24
1154 2747 1349 2796 despicit
1363 2746 1436 2787 Ho
1462 2743 1690 2794 decipitO
1739 2750 1923 2786 omnem

243 2814 332 2844 om.
363 2803 402 2844 Β
478 2803 533 2844 26
566 2807 757 2854 exponit
788 2807 954 2856 quibus
985 2807 1179 2848 voluerit
1208 2802 1318 2855 (hoc
1347 2800 1471 2854 ord.)
1502 2805 1541 2846 Ρ
1570 2814 1691 2853 quae
1719 2803 1816 2844 vult
1845 2813 1924 2844 ex-

246 2862 376 2911 ponit
405 2862 443 2902 B
518 2863 566 2903 in
595 2858 748 2906 ACP²
777 2877 867 2906 om.
899 2859 1004 2906 P¹B
1086 2865 1330 2915 impeditur
1356 2864 1393 2906 A
1575 2862 1630 2903 27
1663 2857 1922 2912 prophetatl

243 2921 577 2970 praeponderat
607 2922 639 2962 A
720 2925 995 2973 principatur
1026 2920 1065 2973 (r
1092 2925 1268 2975 poster.
1299 2934 1355 2965 ex
1383 2933 1407 2963 s
1438 2933 1556 2964 corr.
1588 2933 1648 2962 m.
1677 2917 1723 2971 2)
1752 2919 1794 2961 Ρ
