1982 3172
615 113 699 159 DE
732 110 943 158 TACTU
979 109 1116 156 CAP.
1144 108 1249 155 V111
1708 113 1777 162 83

91 255 190 306 erit
232 252 624 303 inconveniens
669 250 848 299 dicere
893 246 963 298 ad
1011 245 1339 309 principium
1384 243 1772 298 membrorum,

93 327 241 393 quod
276 333 360 378 est
399 325 699 383 cerebrum,
734 337 848 374 non
888 323 1221 386 passionem,
1261 319 1358 370 sed
1398 317 1777 370 consensibili-

90 408 258 455 tatem
294 400 573 465 quandam
612 413 677 450 ac
712 397 1187 449 denuntiationem
1226 393 1519 458 passionis,
1645 390 1777 443 Sen-
1816 402 1864 442 11

92 476 248 528 sibile
279 476 445 539 igitur
481 475 767 538 proprium
800 478 885 523 est
918 476 1096 523 tactus
1133 469 1373 521 calidum
1407 474 1462 519 et
1493 466 1776 541 frigidum,

46 550 70 585 ⁵
91 550 258 603 molle
287 556 341 601 et
375 549 591 607 durum,
623 549 903 599 viscosum
939 552 994 597 et
1027 544 1314 608 liquidum,
1347 555 1518 607 grave
1547 547 1603 593 et
1631 540 1777 599 leve,

92 639 188 690 per
231 625 412 677 solum
455 636 696 686 namque
737 627 944 673 tactum
987 620 1126 671 haec
1184 618 1561 670 dinoscuntur.
1617 615 1777 667 Com·
1817 627 1870 667 12

92 701 281 751 munia
300 712 433 750 vero
462 704 590 750 sunt
616 703 794 748 tactus
820 702 876 747 et
901 696 1057 746 visus
1082 694 1243 745 haec:
1266 698 1489 744 acutum
1513 697 1567 743 et
1592 690 1777 746 hebes,

92 788 351 838 asperum
370 779 424 824 et
447 772 585 831 lene,
610 772 814 823 siccum
839 776 894 821 et
915 769 1222 827 humidum,
1245 781 1505 831 grossum
1525 772 1579 817 et
1599 771 1778 823 tenue,

95 849 349 913 superius
371 853 424 898 et
453 845 683 897 inferius
708 851 764 896 et
791 844 947 895 locus
973 850 1029 895 et
1055 842 1402 906 magnitudO,
1427 855 1550 892 cum
1575 840 1780 891 fuerint

30 927 72 964 ¹⁰
95 922 240 981 talia,
273 927 334 973 ut
368 934 469 985 per
502 934 670 971 unam
708 919 1129 981 occupationem
1168 922 1346 967 tactus
1383 915 1599 978 possint
1633 928 1779 964 com-

94 995 384 1061 prehendi;
413 995 647 1046 densum
682 1006 903 1058 quoque
934 998 989 1043 et
1021 1006 1206 1043 rarum
1238 1004 1341 1042 nec
1369 1004 1482 1041 non
1512 996 1566 1041 et
1593 996 1781 1040 rotun-

93 1071 240 1129 dum,
267 1084 391 1121 cum
422 1069 588 1120 fuerit
618 1082 868 1132 parvum,
898 1074 961 1119 ut
990 1072 1044 1118 et
1075 1066 1350 1130 quaedam
1377 1065 1519 1116 aliae
1547 1064 1779 1128 figurae.

93 1145 396 1197 Motionem
421 1157 644 1208 quoque
672 1143 920 1207 corporis
949 1142 1053 1193 sibi
1082 1141 1585 1204 appropinquantis
1622 1144 1784 1194 sentit

94 1234 217 1271 cum
258 1219 526 1270 memoria
567 1224 623 1270 et
665 1217 962 1269 intellectu.
1018 1215 1279 1267 Similiter
1323 1228 1544 1279 quoque
1587 1221 1642 1265 et
1680 1229 1780 1264 nu-

29 1299 72 1335 15
95 1308 306 1345 merum
342 1306 521 1357 usque
557 1293 630 1343 ad
669 1292 781 1343 duo
820 1291 911 1343 vel
949 1292 1055 1342 tria
1092 1297 1146 1342 et
1179 1290 1318 1341 haec
1351 1303 1526 1353 parva
1565 1289 1782 1340 leviter-

97 1382 202 1432 que
241 1367 726 1432 apprehendenda.
780 1366 950 1417 Visus
990 1379 1124 1417 vero
1167 1366 1348 1429 magis
1394 1378 1559 1428 quam
1603 1370 1782 1415 tactus

95 1444 231 1494 haec
256 1441 638 1506 apprehendit,
671 1448 732 1493 ut
760 1440 995 1504 aequale
1026 1446 1081 1492 et
1113 1439 1419 1503 inaequale.
1463 1438 1602 1490 Sunt
1630 1453 1783 1489 nam-

97 1531 201 1582 que
229 1517 297 1568 de
329 1530 531 1581 genere
562 1516 701 1568 lenis
732 1522 786 1567 et
818 1516 1025 1579 asperi;
1059 1515 1263 1566 duritia
1291 1515 1493 1566 etenim
1521 1514 1782 1576 inaequa-

95 1591 234 1644 litati
257 1593 430 1643 mixta
457 1592 830 1655 asperitatem,
858 1590 1168 1653 aequalitas
1196 1602 1330 1640 vero
1362 1589 1621 1640 densitati
1652 1588 1783 1638 leni-

28 1673 263 1718 2⁰tatem
299 1666 446 1718 facit.
498 1666 655 1718 Patet
692 1666 859 1729 igitur
898 1678 967 1715 ex
1008 1664 1321 1728 praedictiS,
1362 1663 1512 1727 quod
1550 1663 1782 1714 multam

96 1742 537 1792 communionem
578 1754 775 1791 sensus
818 1740 908 1791 isti
950 1740 1313 1790 communiter
1354 1738 1608 1789 habeant.
1663 1737 1784 1789 Ete-

94 1816 207 1865 nim
252 1814 478 1866 alterius
526 1815 725 1866 delicta
770 1814 908 1866 alter
956 1815 1193 1877 corrigit.
1253 1813 1390 1864 Cum
1437 1813 1582 1864 enim
1625 1814 1782 1864 visus

97 1889 411 1953 sculpturae
442 1891 768 1942 eminentias
804 1889 1076 1953 quasdam
1107 1889 1278 1947 videt,
1314 1894 1374 1939 ut
1406 1888 1527 1938 nasi
1562 1894 1615 1938 et
1646 1887 1783 1938 alio-

96 1978 232 2022 rum,
255 1969 436 2015 tactus
465 1964 732 2015 accedens
762 1964 997 2015 correxit
1027 1964 1203 2027 ipsius
1235 1963 1511 2014 delictum.
1552 1962 1616 2013 Et
1643 1963 1782 2013 sicut

29 2039 250 2090 25visus
293 2042 512 2102 semper
571 2039 757 2089 omnia
815 2052 913 2101 per
957 2038 1203 2089 medium
1263 2051 1446 2089 aerem
1491 2038 1660 2096 videt,
1705 2038 1783 2087 sic

97 2111 430 2176 quandoque
458 2118 638 2164 tactus
674 2126 770 2176 per
803 2113 1048 2164 medium
1082 2118 1296 2164 vectem
1332 2112 1472 2163 dura
1505 2118 1559 2163 et
1589 2111 1781 2162 mollia

169 2294 194 2334 2
230 2296 344 2345 post
382 2295 615 2335 cerebrum
657 2295 788 2334 deest
818 2296 865 2334 ἰη
899 2295 1032 2335 libris
1064 2295 1269 2335 submitti
1310 2290 1694 2343 (ἀναπέμπεεθαι)

95 2353 121 2394 4
155 2355 385 2403 proprium
418 2350 504 2402 est]
539 2364 633 2393 non
666 2356 750 2400 est,
782 2354 871 2394 nisi
905 2355 1136 2404 proprium
1168 2354 1207 2395 Β
1373 2354 1549 2394 calidus
1586 2349 1614 2399 7
1650 2352 1716 2393 iri.
1749 2353 1783 2393 Α

169 2412 195 2453 6
227 2408 505 2454 ᾱὶηοεΐιὶτιιτ
535 2413 572 2453 Β
738 2413 854 2454 7-9
886 2414 1002 2454 inter
1033 2417 1151 2454 aeut.
1184 2416 1230 2454 et
1263 2424 1415 2463 magn.
1448 2413 1665 2453 omnibus
1698 2413 1784 2452 loe.

97 2475 141 2512 et
171 2483 260 2513 om.
290 2472 329 2513 Β
448 2472 475 2513 8
509 2483 711 2513 crossum
746 2476 791 2513 et
821 2476 961 2513 tenue
993 2473 1032 2514 P
1060 2477 1200 2514 tenue
1232 2476 1278 2514 et
1309 2483 1519 2523 grossum
1553 2468 1618 2520 (11.
1652 2468 1716 2520 ο.)
1749 2473 1783 2512 Α

156 2530 183 2571 9
213 2534 324 2574 ante
356 2544 458 2573 cum
491 2534 603 2573 add.
628 2535 677 2572 ut
700 2532 780 2573 PA
903 2531 957 2572 10
988 2527 1208 2585 tactu<s>
1243 2544 1329 2582 eqo
1362 2543 1463 2572 cum
1496 2531 1564 2582 By
1596 2531 1650 2571 El
1682 2527 1785 2581 (τῆς

98 2585 242 2640 ἁφῆς)
394 2602 518 2642 poss.
551 2602 702 2641 comp.
736 2594 919 2643 transp.
951 2591 989 2632 Β
1203 2591 1252 2632 11
1289 2602 1375 2632 nec
1409 2602 1503 2631 non
1537 2601 1626 2631 om.
1658 2590 1696 2631 Β

102 2649 153 2690 13
186 2659 372 2701 quoque
403 2654 449 2692 et
479 2663 569 2692 om.
593 2651 631 2692 Β
815 2650 868 2691 15
900 2648 991 2701 vel]
1025 2654 1070 2692 et
1100 2651 1138 2691 Β
1230 2651 1318 2692 hoc
1349 2651 1387 2691 Β
1571 2646 1624 2690 16
1657 2648 1783 2699 vero]

96 2719 206 2759 ergo
236 2708 275 2749 B
411 2710 464 2751 18
492 2713 606 2762 post
635 2721 742 2760 gen.
775 2711 886 2751 add.
921 2710 1036 2751 haec
1067 2710 1105 2751 Β
1188 2721 1324 2760 asper
1352 2710 1390 2751 Β
1526 2709 1580 2750 19
1612 2712 1784 2759 asperi-

96 2771 188 2808 tate
219 2768 256 2809 Β
331 2769 546 2812 leutatem
579 2764 638 2811 P¹
670 2781 789 2811 corr.
823 2763 883 2810 12³
1003 2769 1060 2810 23
1093 2771 1390 2812 eminentiam
1424 2764 1482 2810 Ρι
1514 2781 1634 2811 corr.
1667 2764 1727 2811 Ρ*

97 2828 318 2878 quasdam
351 2829 625 2871 eminentias
656 2830 770 2870 vidit
800 2830 834 2870 A
1020 2828 1076 2869 24
1109 2830 1337 2872 accedens
1371 2831 1555 2870 conexit
1587 2830 1621 2870 A
1657 2833 1784 2871 ante-

96 2887 268 2928 cedens
300 2889 492 2929 correxit
521 2889 559 2929 Β
702 2886 835 2938 sieut]
869 2890 936 2929 sle
967 2889 1003 2930 A
1213 2889 1267 2929 25
1301 2890 1458 2930 omnia
1486 2891 1599 2940 post
1633 2900 1783 2930 aerem

93 2957 204 2997 pon.
237 2946 271 2987 Α
366 2946 421 2987 26
457 2949 574 2989 med.
606 2952 782 2989 vectem
818 2950 1000 2999 transp.
1035 2948 1074 2988 Ρ

1460 3023 1518 3063 6*

1821 1373 1874 1414 13

1822 1673 1874 1713 14
