1982 3172
126 235 198 281 -26

99 1059 199 1099 -27

145 1581 200 1621 28

147 1880 203 1919 29

228 100 297 150 30
540 93 542 95 ’
594 92 850 139 NEMESII
883 92 1200 140 PREMNON
1234 93 1561 142 PHYSICON

1029 228 1040 250 9

231 229 444 292 Corpus
489 230 655 292 igitur
697 236 780 280 est
824 231 1021 280 anima.
1097 230 1205 280 Sed
1249 231 1480 282 alterum
1522 245 1910 285 concessorum

230 310 315 356 est
358 304 579 364 falsum,
625 304 774 367 quod
819 305 920 356 ait:
976 302 1220 355 ‘Nullum
1264 307 1650 370 incorporeum
1693 309 1910 372 corpori

233 376 598 442 compatitur.'
646 378 1059 442 Numquidnam
1096 380 1150 429 in
1187 379 1308 430 sola
1342 382 1525 432 anima
1560 381 1665 433 hoc
1697 382 1912 434 aderit?

232 452 350 503 Hoc
372 453 516 504 enim
542 453 651 504 tale
675 459 772 511 est,
796 453 948 504 velut
973 454 1017 504 si
1043 455 1165 516 quis
1186 453 1408 506 dixerit:
1442 451 1686 506 ‘Nullum
1706 456 1910 509 animal

233 527 546 589 superiores
572 539 745 589 genas
779 532 988 584 movet;
1021 526 1351 578 corcodillus
1383 534 1567 579 autem
1599 530 1912 592 superiores
1961 544 1982 578 5

231 614 404 663 genas
434 606 644 658 movet;
678 615 788 651 non
822 602 924 652 erit
958 602 1123 664 igitur
1157 601 1359 652 animal
1394 601 1760 654 corcodillus?
1801 603 1908 655 Sed

231 675 376 726 falsa
416 677 726 740 propositio
769 682 866 735 est,
909 691 1050 740 quae
1091 677 1245 728 dicit:
1299 675 1542 729 ‘Nullum
1582 679 1786 730 animal
1821 693 1912 731 su-

234 750 477 812 periores
511 762 684 812 genas
722 747 942 801 movet!
988 749 1123 800 Ecce
1159 751 1304 800 enirn
1343 751 1673 802 corcodillus
1709 752 1908 803 animal

232 830 315 875 est
344 831 396 875 et
427 826 740 887 superiores
770 838 942 888 genas
973 831 1174 876 movet.
1216 825 1423 877 Eodem
1452 827 1620 878 modo
1647 841 1705 878 se
1732 827 1911 887 habet,

233 913 355 949 curn
399 898 620 950 dicitur:
676 896 918 950 ‘Nullum
962 901 1346 963 incorporeum
1391 903 1604 965 corpori
1649 903 1912 966 compati·
1941 913 1982 949 10

233 968 355 1023 tur.'
378 972 661 1035 Accipitur
686 974 845 1032 enim,
874 974 1022 1037 quod
1052 975 1344 1037 quaeritur,
1360 975 1413 1024 in
1431 974 1916 1027 demonstratione.

235 1046 396 1103 Quod
443 1048 488 1099 si
534 1049 656 1110 quis
701 1049 1033 1100 concesserit
1073 1062 1266 1099 verum
1308 1063 1446 1108 esse,
1487 1049 1699 1101 nullum
1737 1051 1913 1101 incor-

234 1135 463 1183 poreum
489 1123 706 1185 corpori
732 1123 988 1185 compati,
1012 1128 1210 1181 tamen,
1237 1123 1386 1186 quod
1413 1125 1778 1188 consequitur,
1802 1138 1912 1175 non

231 1196 333 1246 erit
372 1195 743 1254 manifestum,
783 1196 932 1259 quod
972 1197 1339 1259 compatiatur
1377 1197 1582 1248 scilicet
1618 1198 1804 1249 anima
1835 1199 1916 1251 in-

233 1270 478 1321 firmanti
504 1276 557 1321 et
583 1272 768 1321 exciso
796 1272 1028 1334 corpori.
1067 1270 1362 1323 Dubitatur
1387 1273 1548 1332 enim,
1575 1273 1692 1324 sive
1712 1286 1912 1337 corpus
1941 1283 1982 1320 ιε

234 1344 318 1401 sit,
347 1343 496 1406 quod
531 1343 695 1402 dolet,
728 1345 1002 1407 accipiens
1035 1344 1105 1395 ab
1138 1346 1322 1395 anima
1353 1345 1770 1414 sensibilitatem
1798 1359 1912 1396 ma-

232 1424 468 1482 neatque
491 1420 614 1482 ipsa
636 1419 1011 1482 impassibilis,
1037 1421 1153 1471 sive
1177 1421 1341 1472 etiam
1366 1420 1660 1472 condoleat
1683 1422 1913 1485 corpori.

232 1493 390 1544 Prius
412 1499 597 1544 autem
623 1499 837 1545 tenetur
861 1494 1039 1556 magis
1064 1508 1096 1544 a
1121 1494 1564 1557 sapientioribus.
1599 1494 1927 1546 Sednullus.

231 1581 300 1618 ex
323 1567 506 1618 dubiis
531 1568 741 1631 colligit
766 1568 1137 1632 syllogismos,
1162 1569 1259 1619 sed
1283 1582 1349 1619 ex
1371 1569 1698 1621 manifestis.
1727 1568 1805 1620 Ex
1828 1569 1914 1620 his

234 1656 468 1706 quoque,
499 1655 640 1705 quae
671 1649 797 1693 sunt
829 1643 970 1693 circa
999 1643 1380 1702 substantiam,
1410 1643 1720 1695 ostenditur
1749 1657 1914 1707 quae·
1941 1654 1982 1690 zu

236 1716 362 1765 dam
384 1716 710 1779 incorporea
738 1717 1127 1778 compatientia
1152 1729 1278 1766 esse
1302 1716 1641 1779 corporibus.
1669 1715 1914 1772 Qualita-

236 1797 316 1840 tes
340 1791 483 1840 enim
514 1791 871 1853 incorporeae
900 1791 1196 1842 existentes
1226 1791 1561 1853 patientibus
1591 1791 1913 1853 corporibus

238 1866 520 1926 patiuntur
544 1870 596 1915 et
627 1865 781 1926 ipsae
810 1865 864 1913 in
896 1864 1260 1915 dissolutione
1290 1870 1343 1915 et
1372 1866 1726 1927 generatione
1750 1864 1910 1916 simul

238 1945 580 2000 permutatae
619 1939 957 2001 corporibus,
1108 1937 1548 2002 Chrysippus
1586 1951 1719 1989 vero
1761 1938 1914 1990 dicit:

239 2011 407 2063 ‘Mors
436 2020 518 2064 est
551 2014 845 2064 disiunctio
880 2016 1095 2064 animae
1129 2028 1160 2064 a
1193 2028 1437 2076 corpore.
1478 2014 1705 2064 Nullum
1733 2020 1916 2065 autem
1943 2025 1982 2060 25

313 2104 330 2143 1
369 2107 438 2145 est
462 2106 615 2144 anima
640 2106 823 2155 transp.
848 2105 884 2144 Β
965 2103 990 2143 2
1019 2107 1133 2154 post
1156 2105 1318 2144 falsum
1344 2106 1388 2145 d.
1407 2105 1435 2145 i.
1455 2116 1495 2145 υ.
1522 2100 1638 2142 κατὰ
1662 2099 1922 2154 πρόεληψιν

236 2159 530 2211 (υγκείμενον
607 2165 670 2203 ait
699 2163 779 2203 ΡΑ
814 2166 965 2203 autem
1001 2162 1080 2204 CB
1155 2163 1329 2203 nullum
1362 2163 1408 2203 M
1439 2163 1563 2204 illum
1595 2163 1634 2204 Β
1774 2161 1801 2203 3
1832 2163 1922 2216 hoc

237 2224 390 2263 anima
414 2223 558 2263 aderit
589 2219 698 2272 (hoc
722 2220 845 2272 ord.)
869 2223 906 2263 Β
937 2224 1091 2262 anima
1116 2223 1204 2262 hoc
1228 2223 1311 2263 erit
1332 2222 1367 2264 A
1465 2221 1492 2262 4
1524 2219 1644 2272 quis]
1678 2221 1804 2272 quod
1827 2222 1861 2263 A

237 2283 262 2321 5
296 2282 569 2322 corcodillus
595 2281 632 2322 C
662 2279 737 2332 (cf.
764 2278 1055 2331 κορκόδειλο(
1079 2279 1133 2332 Ρ)
1166 2281 1458 2322 corcodrillus
1480 2281 1521 2322 Ρ
1552 2280 1824 2322 cocodrillus
1840 2281 1924 2323 AB

296 2342 322 2381 6
355 2351 449 2381 non
484 2361 536 2367 —
571 2344 725 2382 movet
758 2338 823 2391 (8)
856 2352 944 2382 om.
972 2335 1030 2381 A¹
1062 2342 1110 2381 in
1144 2342 1270 2382 calce
1298 2352 1411 2392 pay.
1443 2333 1684 2391 sapphA'
1824 2350 1920 2382 cor-

237 2401 451 2441 codrillus
474 2393 535 2440 ΑΞ
566 2400 839 2441 cocodrillus
870 2401 908 2441 Β
1030 2400 1053 2440 7
1088 2400 1202 2441 falsa
1234 2411 1288 2440 ex
1320 2400 1388 2440 fas
1420 2410 1538 2440 corr.
1562 2392 1630 2439 Ρ*
1691 2409 1820 2449 prop.
1853 2402 1923 2440 est

238 2462 419 2510 transp.
452 2453 558 2499 PA²
661 2461 774 2510 post
804 2462 874 2500 est
905 2461 949 2500 d.
982 2462 1011 2499 ι’.
1045 2471 1085 2500 υ.
1119 2457 1192 2497 καὶ
1223 2455 1425 2498 ἐνταῦθα
1457 2453 1573 2497 κατὰ
1603 2453 1864 2508 πρόεληψιν

238 2518 264 2558 8
297 2520 419 2559 enim
452 2530 541 2559 om.
566 2520 603 2559 Β
682 2514 836 2568 cor(co
868 2530 1015 2569 supra
1049 2530 1164 2559 vers.
1183 2519 1336 2569 suppl.
1354 2530 1411 2558 m.
1427 2514 1610 2567 2)dillus
1634 2517 1673 2557 Ρ
1701 2517 1930 2558 cecedi-111

238 2578 307 2618 lus
338 2578 421 2618 AB
508 2578 561 2618 12
593 2589 747 2618 verum
780 2589 884 2618 esse
917 2589 1006 2618 om.
1039 2578 1071 2618 A
1163 2577 1215 2618 13
1248 2577 1424 2626 corpori
1457 2577 1728 2626 compatitur
1755 2575 1791 2617 A
1825 2586 1927 2617 cor*

239 2647 381 2685 poreo
420 2639 620 2687 compati
655 2637 735 2678 CB
858 2637 911 2676 14
945 2637 1216 2686 compatitur
1244 2635 1279 2677 A
1343 2635 1590 2675 infirmitati
1619 2634 1654 2676 A
1780 2634 1836 2677 16
1865 2635 1924 2677 sit

238 2706 327 2736 om.
359 2695 394 2735 A
488 2697 614 2746 quod
646 2708 701 2737 ex
733 2697 843 2746 quid
875 2708 993 2737 corr.
1029 2695 1067 2737 C
1078 2689 1146 2714 1‘2
1236 2697 1483 2744 manetque
1513 2694 1552 2735 Β
1732 2693 1786 2735 17
1821 2694 1924 2744 ipsa

239 2754 383 2795 om.A·
473 2756 610 2795 etiam
635 2755 720 2796 PC
752 2759 797 2796 et
819 2755 854 2796 A
889 2755 1033 2797 om.B
1125 2754 1179 2795 18
1212 2754 1499 2803 sapientibus
1522 2753 1557 2794 A
1663 2752 1719 2794 19
1751 2749 1923 2802 du(blis

240 2814 287 2853 in
313 2821 407 2853 ‘ra-8.
429 2825 487 2854 m.
505 2811 545 2863 2)
573 2813 611 2854 C
691 2813 865 2854 21—22
898 2814 1094 2864 qualitas
1126 2813 1247 2854 enlm
1280 2813 1327 2853 in
1353 2823 1544 2862 corpore
1572 2812 1775 2854 existens
1798 2812 1922 2861 com-

241 2873 406 2921 patitur
437 2874 718 2920 parientibus
746 2874 1019 2922 corporibus
1051 2873 1387 2922 compatiuntur
1415 2870 1449 2912 A
1647 2871 1704 2911 24
1743 2881 1922 2920 permu-

241 2935 335 2970 tare
359 2931 391 2970 A
519 2931 571 2970 25
606 2931 788 2971 Nullum
815 2932 859 2971 M
889 2931 965 2971 Nil
991 2933 1027 2971 Β
1710 2950 1728 2955 ··
1831 2953 1834 2955 Δ
1883 2951 1887 2954 ·
