1982 3172
0 0 13 39 [

0 60 20 162 J

329 100 412 145 DE
447 98 684 151 QUIBUS
718 98 1131 145 CONSULIMUS
1166 96 1304 143 CAP.
1332 97 1548 143 XXXIlll
1686 104 1787 154 123

0 221 15 284 ἓ
96 252 238 303 quas
266 251 567 302 possumus
601 235 811 300 aliquid
846 234 1041 286 iacere.
1088 233 1282 285 Omnis
1317 234 1460 286 enim
1495 234 1588 292 rei,
1621 248 1783 297 quam

0 297 16 395 i

97 311 349 370 facimuS,
369 317 702 375 potestatem
726 310 1020 367 habemus;
1045 323 1278 373 quorum
1303 323 1436 360 vero
1453 313 1783 372 potestatem

0 399 12 444 ξ
97 400 209 438 non
240 386 525 444 habemuS,
561 386 758 437 horum
794 398 895 435 nec
930 390 1100 436 actus,
1149 383 1396 435 Habetur
1429 389 1586 435 actus
1618 383 1786 447 igitur

6 458 11 461 ⁴
97 474 131 512 a
162 466 452 526 potestate,
490 466 740 524 potestas
773 473 907 511 vero
944 458 1015 509 ab
1050 459 1315 516 essentia;
1351 472 1478 509 nam
1513 463 1669 510 actus
1700 463 1785 509 est

0 512 10 565 ξ
52 551 76 587 5
97 549 131 586 a
156 540 434 600 potestate
464 537 518 586 et
547 539 795 598 potestas
827 533 896 584 ab
926 534 1169 585 essentia
1199 538 1252 584 et
1279 534 1333 584 in
1360 533 1616 584 essentia.
1659 531 1785 583 Tria

47 635 50 638 ·
97 610 264 674 igitur
304 610 441 661 haec
483 615 610 661 sunt
650 608 961 660 adinvicem
1006 621 1064 659 se
1106 608 1390 659 habentia:
1433 612 1647 671 potens,
1688 621 1785 670 po-

98 690 286 743 testaS,
306 683 587 748 possibile.
621 684 825 735 Potens
848 682 1070 747 quidem
1093 683 1350 740 essentia,
1375 687 1787 745 potestasvero‚

99 773 132 808 a
171 773 280 824 qua
320 758 589 810 habemus
630 771 812 822 posse,
855 757 1120 821 possibile
1162 763 1363 815 autem,
1406 757 1565 821 quod·
1596 771 1787 807 secun-

99 833 231 884 dum
257 838 589 898 potestatem
618 838 810 884 natum
840 837 924 883 est
955 831 1092 882 fieri.
1134 831 1243 888 Sed
1275 831 1624 894 possibilium
1652 832 1788 882 haec

33 923 76 959 ιο
99 907 321 972 quidem
360 912 487 958 sunt
526 907 853 964 necessaria,
891 907 1028 957 haec
1065 920 1198 957 vero
1240 907 1629 970 contingentia.
1681 906 1786 956 Ne-

99 982 339 1033 cessaria
363 981 601 1045 quidem,
632 995 773 1045 quae
800 980 1146 1045 impossibile
1174 986 1260 1032 est
1287 981 1510 1038 evitare,
1539 980 1626 1032 vel
1655 995 1787 1043 quo-

99 1070 218 1106 rum
243 1055 564 1120 oppositum
594 1055 938 1120 impossibile
964 1061 1051 1107 est
1084 1055 1271 1120 [esse];
1302 1055 1627 1119 contingens
1654 1069 1788 1106 vero

99 1136 183 1182 est
219 1131 485 1195 possibile
522 1131 717 1182 evitari
758 1131 845 1182 vel
887 1145 1122 1195 quorum
1162 1131 1485 1195 oppositum
1524 1131 1788 1194 possibile

98 1209 197 1263 est,
222 1204 374 1256 verbi
406 1205 609 1268 gratia:
639 1205 1011 1256 necessarium
1043 1210 1128 1256 est
1161 1205 1370 1268 spirare
1399 1204 1679 1255 hominem
1707 1205 1787 1255 vi-

34 1296 76 1331 15
99 1289 335 1343 ventem,
367 1283 520 1334 cuius
544 1298 676 1335 vero
705 1285 1020 1347 oppositum
1052 1283 1396 1346 impossibile
1431 1288 1512 1334 est
1545 1298 1657 1334 non
1689 1285 1794 1347 spi-

101 1372 216 1409 rare
239 1359 544 1417 viventem;
570 1359 894 1422 contingens
916 1372 1048 1410 vero
1077 1353 1173 1421 [ut]
1201 1358 1367 1410 hodie
1395 1358 1638 1422 pluviam
1666 1358 1794 1417 fieri,

104 1428 201 1479 sed
233 1434 287 1481 et
319 1429 639 1494 oppositum
676 1430 726 1480 ei
762 1429 1027 1492 possibile
1062 1435 1144 1480 est
1175 1444 1287 1480 non
1318 1429 1441 1480 fieri
1475 1429 1641 1481 hodie
1672 1430 1790 1493 plu-

30 1555 35 1561 ,
98 1504 261 1554 viam.
302 1502 502 1555 Iterum
535 1517 669 1555 vero
703 1504 1072 1568 contingentis
1105 1503 1242 1554 haec
1275 1503 1497 1567 quidem
1532 1503 1787 1567 frequen-

99 1583 194 1635 ter,
230 1578 367 1628 haee
405 1582 589 1629 autem
627 1593 768 1636 raro,
809 1577 904 1628 illa
940 1592 1074 1629 vero
1113 1578 1418 1642 aequaliter
1452 1578 1541 1629 vel
1577 1584 1786 1648 utrum,-

36 1668 81 1704 20
102 1651 248 1703 libet.
286 1652 618 1716 Frequenter
650 1652 871 1717 quidem
904 1653 1245 1738 contingens,
1275 1658 1336 1704 ut
1368 1653 1790 1717 sexagenarium

1827 541 1879 581 14

1827 840 1881 880 15

1828 1527 1881 1567 16

103 1739 405 1785 canescere,
428 1740 552 1778 raro
580 1733 780 1785 autem,
807 1733 868 1780 Ut
896 1741 1319 1791 sexagenarlum
1347 1741 1458 1778 non
1487 1741 1790 1786 canescere,
1825 1789 1831 1794 .

102 1800 422 1852 utrumlibet
451 1814 584 1853 vero
620 1802 905 1853 ambulare
937 1807 993 1853 et
1026 1816 1139 1854 non
1174 1802 1459 1853 ambulare
1492 1808 1548 1853 et
1581 1802 1790 1866 simpli-

177 1922 203 1962 3
236 1932 392 1963 eorum
423 1923 462 1964 Β
564 1933 651 1965 nec
683 1922 752 1973 (in
785 1935 880 1965 ras.
914 1918 992 1983 C²)
1024 1928 1153 1965 actus
1187 1927 1370 1976 transp.
1404 1924 1485 1967 CB
1588 1926 1792 1967 habetur.

102 1979 244 2023 Actus
277 1980 318 2023 Ο
351 1982 700 2024 distinctionem
732 1995 851 2024 corr.
883 1983 956 2025 Ηο
1138 1985 1164 2024 5
1198 1978 1315 2038 (et)
1350 1987 1557 2035 potestas
1589 1997 1676 2036 eqo
1710 1997 1792 2036 po-

101 2044 243 2083 testas
273 2041 314 2082 P
343 2043 550 2091 potestas
580 2052 689 2084 vero
721 2042 762 2083 D
975 2043 1000 2084 7
1034 2046 1240 2094 potestas
1271 2045 1310 2086 Β
1342 2045 1625 2094 possibilitas
1657 2044 1704 2085 M

101 2100 129 2139 9
162 2102 436 2150 potestatem
469 2100 516 2141 M
548 2102 900 2150 possibilitatem
933 2105 1268 2153 potestatemve
1300 2104 1338 2145 Β
1455 2103 1503 2144 11
1541 2107 1611 2145 est
1643 2116 1732 2146 om.
1758 2104 1790 2145 A

159 2160 269 2211 fort.
295 2160 452 2201 evitari
478 2161 532 2202 ut
555 2162 601 2201 in
623 2172 759 2212 prox.
853 2161 907 2202 12
940 2173 1045 2204 esse
1069 2164 1218 2205 delevi
1293 2165 1570 2214 contingens
1590 2184 1642 2190 —
1663 2165 1792 2205 cuius

99 2230 209 2260 vero
227 2215 310 2269 (15)
335 2220 382 2261 in
407 2220 571 2271 spatio
594 2231 742 2262 vacuo
769 2222 930 2264 relicto
955 2224 1109 2274 suppl.
1127 2235 1185 2264 m.
1205 2224 1306 2264 rub.
1326 2223 1364 2265 C
1485 2222 1539 2264 13
1572 2226 1642 2265 est
1667 2229 1791 2273 poss.

102 2281 284 2330 transp.
299 2278 335 2320 A
407 2280 564 2320 evitari
580 2273 734 2322 PAC²
764 2282 934 2324 evitare
957 2277 1015 2324 C¹
1046 2284 1216 2324 evitare
1239 2283 1277 2324 Β
1371 2282 1482 2324 13-
1491 2283 1544 2324 14
1570 2284 1793 2333 possibile

101 2340 171 2379 est
204 2337 284 2380 CB
315 2339 539 2389 possibile
570 2342 641 2381 est
672 2350 776 2381 esse
808 2340 842 2381 A
876 2341 1164 2391 impossibile
1197 2346 1267 2383 est
1299 2337 1402 2390 (sed
1434 2343 1494 2382 im
1528 2343 1608 2383 lin.
1635 2344 1792 2384 trans-

101 2408 236 2439 versa
268 2398 357 2439 del.
390 2410 448 2440 m.
479 2396 611 2450 2—3)
643 2400 684 2440 Ρ
804 2400 857 2440 14
890 2412 1084 2443 necesse
1115 2402 1154 2442 Β
1229 2413 1412 2451 sperare
1444 2402 1482 2442 Β
1557 2402 1790 2443 hominem

102 2457 241 2498 om.A
354 2457 527 2499 15—16
560 2460 689 2500 cuius
717 2479 768 2485 —
794 2461 1026 2503 viventem
1059 2461 1203 2502 om.B
1279 2473 1389 2503 uero
1415 2461 1502 2504 PC
1532 2457 1612 2511 (υό
1645 2473 1701 2503 ex
1730 2460 1792 2503 ηδ

103 2517 194 2557 oid.
227 2528 346 2558 corr.
378 2511 458 2569 12²)
491 2530 579 2560 om.
613 2518 663 2568 A,
697 2521 896 2570 exspect.
929 2522 1066 2562 etiam
1101 2517 1186 2571 (ΕΙ,
1221 2518 1313 2572 καὶ)
1455 2521 1508 2563 16
1537 2524 1652 2572 post
1682 2532 1791 2563 con-

103 2576 215 2626 ting.
246 2586 355 2618 vero
388 2579 500 2619 add.
534 2578 769 2620 hominem
803 2580 1028 2622 ditescere
1051 2581 1089 2622 Β
1150 2584 1199 2621 ut
1231 2581 1372 2622 hodie
1405 2582 1606 2632 pluviam
1639 2581 1686 2622 M
1717 2585 1789 2624 vel

102 2634 303 2684 pluviam
335 2636 476 2679 hodie
507 2638 546 2679 Β
576 2640 625 2679 ut
656 2638 817 2688 delevi,
850 2639 907 2690 cf.
938 2644 991 2680 22
1188 2640 1241 2681 17
1274 2642 1375 2682 eius
1406 2641 1440 2682 A
1565 2652 1660 2682 non
1693 2642 1790 2684 fieri

99 2695 213 2744 post
243 2693 443 2744 pluviam
472 2709 584 2748 pon.
616 2698 654 2739 Β
801 2698 853 2739 18
887 2698 1048 2740 Iterum
1080 2697 1207 2749 vero]
1241 2699 1333 2741 Iam
1369 2702 1555 2751 quidem
1588 2701 1622 2742 A
1703 2703 1791 2744 hoe

104 2783 143 2794 ..
171 2753 260 2794 hoc
285 2749 366 2805 (19)
398 2755 439 2797 D
532 2758 719 2807 quidem
753 2769 841 2798 om.
860 2758 894 2799 A
1020 2758 1074 2799 19
1107 2763 1259 2801 autem
1286 2763 1460 2803 ..vero
1495 2762 1730 2812 transp.A

102 2811 213 2853 illud
243 2812 282 2853 B
402 2814 457 2856 20
489 2818 839 2868 sexagenarium
867 2849 877 2858 .
897 2849 935 2858 ..
963 2820 1312 2869 sexagenarium
1339 2817 1420 2871 (21)
1456 2821 1503 2862 M
1534 2831 1694 2863 senem
1721 2854 1731 2864 .
1751 2854 1789 2865 ..

101 2881 262 2914 senem
293 2872 332 2914 Β
473 2874 530 2917 22
561 2878 802 2928 utrumque
834 2887 943 2919 vero
978 2877 1016 2920 C
1044 2889 1134 2920 om.
1166 2878 1201 2921 A
1320 2883 1436 2933 post
1463 2892 1573 2924 vero
1606 2883 1794 2925 addunt

102 2931 379 2979 etA,utB
499 2933 1793 2986 22etp.124,1et..et..etMve1..et..ve13
