1982 3172
120 114 206 160 AB
238 109 505 158 ALFANO
540 109 605 155 IN
638 107 929 154 LATINUM
963 103 1402 151 TRANSLATUM
1439 102 1577 149 CAP.
1606 102 1621 146 1
1690 107 1750 155 15

62 252 233 303 lentes
263 248 603 300 curationem
635 260 746 296 non
778 257 1168 307 quaereremus
1199 249 1253 292 et
1283 241 1591 292 deleremur
1620 253 1742 290 cum

61 323 372 395 ignorantia
405 321 535 372 mali
572 321 890 384 passionem
926 332 1037 369 non
1073 318 1388 368 sentientes,
1434 314 1541 366 Sed
1580 327 1744 376 prop·
1785 322 1840 361 55

62 407 141 451 ter
175 405 322 449 artes
358 403 414 448 et
450 395 774 458 disciplinas
811 407 954 456 opus
992 392 1268 443 nobismet
1305 391 1442 453 ipsis
1475 389 1743 439 habemus

60 473 386 525 adinvicem.
440 470 584 527 Quia
620 483 754 520 vero
810 482 1042 531 egemus
1084 467 1410 522 adinvicem,
1468 465 1523 514 in
1577 472 1746 513 unum

0 546 216 599 >unium
256 546 647 598 convenientes
688 543 1161 595 communicamus
1201 541 1479 591 alterutris
1521 545 1746 601 propter

60 636 126 673 ea
157 635 298 685 quae
330 621 477 671 vitae
509 626 637 670 sunt
669 618 826 669 utilia
857 619 911 667 in
944 617 1391 679 congregatione,
1420 628 1585 677 quam
1618 626 1745 663 con-

59 696 440 760 gregationem
486 700 540 745 et
585 692 1051 744 cohabitationem
1099 691 1377 741 civitatem
1424 689 1745 739 nominave-

62 777 201 828 runt,
239 777 299 820 ut
339 769 407 821 de
447 768 761 831 propinquo
801 772 855 817 et
892 779 1003 816 non
1044 765 1112 815 de
1147 765 1311 827 longe
1350 763 1746 813 auxiliaremur

62 845 387 896 adinvicem.
440 843 489 892 Α
532 848 731 893 natura
772 854 1012 903 namque
1057 838 1448 902 congregabile
1491 844 1544 888 et
1588 836 1746 887 civile

0 930 42 965 ÷1o
62 918 266 970 animal
290 917 472 968 factus
497 922 581 967 est
604 916 789 966 homo,
826 914 1026 965 Nullus
1052 914 1253 964 etenim
1281 913 1434 963 solus
1457 912 1560 962 sibi
1586 911 1748 962 sufii-

61 994 132 1044 cit
154 994 208 1044 in
232 992 506 1044 omnibuS.
541 990 901 1041 Manifestum
926 990 1108 1052 igitur,
1134 987 1283 1050 quod
1309 988 1561 1037 civitates
1582 1000 1747 1049 prop-

62 1075 142 1125 ter
182 1067 644 1118 commutationes
687 1070 741 1115 et
784 1063 1108 1126 disciplinas
1151 1064 1482 1113 constitutae
1528 1061 1651 1115 sint.

61 1141 169 1193 Sed
201 1155 270 1192 ex
302 1141 521 1191 duabus
553 1140 638 1190 his
672 1139 1037 1202 dignitatibus
1070 1138 1238 1188 homo
1271 1136 1623 1200 singulariter
1651 1136 1747 1185 ho·
1788 1143 1844 1182 56

63 1222 291 1267 noratus
328 1222 428 1267 est.
479 1214 693 1266 Etenim
734 1213 887 1265 solus
926 1214 1145 1263 veniam
1189 1212 1420 1275 percipit
1459 1212 1747 1274 paenitens

3 1301 41 1335 ¹⁵
66 1290 141 1354 (et
185 1291 350 1341 huius
397 1289 571 1341 solius
619 1302 820 1351 corpus
867 1287 1100 1339 mortale
1147 1288 1391 1338 existens
1437 1286 1747 1336 immortale

64 1363 152 1427 fit)
197 1371 250 1416 et
293 1378 494 1427 corpus
539 1363 762 1426 quidem
808 1377 905 1425 per
947 1363 1205 1419 animam,
1249 1362 1434 1411 anima
1473 1375 1606 1411 vero
1652 1373 1747 1422 per

64 1453 279 1502 corpus.
335 1438 516 1489 Homo
563 1439 748 1501 itaque
794 1437 1146 1488 rationalium
1195 1436 1348 1487 solus
1395 1435 1748 1500 singulariter
1789 1442 1845 1481 57

64 1514 255 1565 habuit
287 1514 342 1563 in
379 1512 713 1576 paenitendo
747 1513 908 1563 venia
947 1511 1177 1574 dignum
1214 1510 1351 1561 fieri.
1398 1510 1539 1560 Nam
1571 1523 1747 1572 neque

65 1588 365 1639 daemones
398 1601 575 1650 neque
609 1586 792 1650 angeli
828 1587 1172 1649 paenitentes
1205 1586 1368 1636 venia
1403 1585 1555 1647 digni
1591 1584 1749 1640 fiunt.

0 1670 43 1706 w
63 1677 131 1713 ex
167 1676 277 1725 quo
314 1662 553 1712 maxime
590 1662 728 1712 deus
764 1668 818 1712 et
854 1662 1032 1712 iustus
1068 1667 1121 1711 et
1151 1661 1465 1710 misericors
1501 1666 1748 1722 apparet.

64 1736 292 1800 Angelis
323 1750 562 1799 namque
596 1735 808 1787 nullum
842 1735 1173 1786 habentibus
1207 1735 1643 1797 compulsorium
1671 1739 1750 1784 at-

66 1811 287 1862 trahens
316 1811 388 1862 ad
422 1810 778 1874 peccandum,
811 1810 908 1861 sed
940 1810 1264 1861 naturaliter
1293 1809 1659 1860 existentibus
1691 1808 1750 1859 li-

66 1886 209 1935 beris
246 1899 279 1935 a
318 1886 699 1948 corporalibus
739 1885 1094 1948 passionibus
1133 1890 1187 1935 et
1223 1884 1648 1935 necessitatibus
1686 1897 1751 1934 ac

65 1959 525 2010 delectationibus
570 1961 712 2010 iuste
757 1959 910 2010 nulla
956 1973 1220 2010 concessa
1264 1965 1348 2009 est
1393 1959 1556 2009 venia
1612 1959 1750 2020 ipsis

0 2041 43 2076 2⁵
66 2034 490 2096 paenitentibus.
537 2033 718 2086 Homo
754 2047 903 2092 ver0,
940 2035 1070 2097 quia
1104 2047 1215 2084 non
1254 2034 1434 2084 solum
1469 2039 1553 2083 est
1585 2034 1749 2083 ratio-

66 2107 222 2165 nalis,
259 2107 358 2158 sed
395 2114 450 2159 et
485 2107 706 2159 animal.
754 2108 1126 2160 Necessitates
1162 2122 1296 2160 vero
1333 2107 1589 2158 animalis
1623 2116 1750 2158 sunt

145 2228 164 2268 1
201 2228 459 2270 deleremus
483 2222 543 2269 Ρι
568 2239 687 2269 corr.
714 2231 767 2269 ut
790 2230 882 2270 vid.
907 2222 966 2270 Ρ8
1051 2229 1077 2269 3
1110 2229 1401 2278 disciplinam
1433 2227 1467 2268 A
1533 2228 1761 2268 habemus

66 2284 198 2339 (post
228 2298 348 2338 opus
368 2299 482 2340 pon.
506 2284 563 2337 Ρ)
595 2287 643 2329 Μ
674 2288 918 2329 habuimus
949 2289 988 2329 Β
1049 2288 1076 2328 4
1107 2299 1217 2329 vero
1250 2287 1296 2328 M
1329 2298 1439 2338 ergo
1471 2287 1510 2328 Β
1570 2287 1596 2326 5
1632 2287 1757 2326 multi

67 2349 179 2390 ante
210 2347 257 2388 in
285 2359 398 2399 pon.
425 2347 509 2390 ΟΒ
570 2347 792 2388 alterutris
814 2346 903 2397 Ho,
935 2343 1149 2396 ἀλλήλοις
1180 2348 1440 2388 alterutrum
1466 2346 1595 2388 ΡΟΒ
1627 2346 1757 2386 alter-

66 2409 160 2447 utr-
195 2402 327 2455 (nota
358 2409 406 2447 et
436 2407 475 2448 is
507 2409 555 2448 et
585 2418 660 2447 um
694 2404 875 2458 signif.)
907 2406 940 2447 A
1019 2407 1047 2447 6
1078 2404 1218 2456 vitae]
1253 2407 1300 2447 in
1333 2410 1378 2448 te
1408 2406 1443 2447 A
1515 2406 1542 2446 8
1574 2405 1758 2455 longin-

68 2476 161 2514 quo
190 2466 226 2507 A
363 2466 418 2507 10
450 2466 620 2507 animal
648 2468 763 2517 post
794 2477 1011 2516 congreg.
1040 2478 1153 2518 pon.
1184 2466 1223 2507 B
1284 2462 1473 2514 etenim]
1505 2466 1629 2506 enim
1661 2464 1696 2504 A

71 2524 120 2564 11
152 2527 266 2576 post
294 2524 588 2567 Manifestum
622 2527 734 2567 add.
767 2529 837 2566 est
870 2524 950 2567 ΟΒ
1042 2525 1096 2566 12
1128 2526 1517 2567 communitiones
1547 2524 1582 2565 A
1646 2534 1757 2565 con-

67 2584 250 2625 stitutae
279 2588 387 2626 sunt
411 2583 492 2627 ΟΒ
521 2588 629 2626 sunt
659 2588 805 2626 const.
838 2581 948 2634 (hoc
978 2582 1102 2634 ord.)
1133 2585 1168 2626 A
1326 2583 1380 2624 14
1420 2584 1598 2624 Etenim
1631 2584 1759 2624 solus

70 2645 251 2694 tranen.
267 2643 309 2684 D
374 2643 426 2684 17
448 2647 563 2695 post
578 2655 745 2694 corpus
762 2645 807 2669 *¹⁸¹
827 2649 872 2685 11
890 2645 986 2695 fere
1003 2646 1271 2686 litterarum
1289 2647 1348 2693 et,
1375 2647 1430 2685 ut
1443 2645 1644 2692 adsolet,
1658 2644 1760 2694 pri-

68 2713 173 2743 mae
187 2703 375 2745 lister-ae
392 2705 518 2745 vocis
534 2705 788 2755 sequentis,
805 2715 898 2755 quo
917 2705 1103 2745 initium
1120 2705 1232 2744 ηουι
1247 2704 1420 2755 captus
1435 2703 1730 2754 significatB

68 2762 404 2803 rationabilium
430 2761 511 2804 ΟΒ
586 2763 641 2804 19
672 2763 788 2804 fiunt
811 2764 851 2804 Ρ
879 2764 1093 2804 radendo
1125 2765 1174 2804 et
1203 2764 1374 2815 cor-rio.
1401 2758 1516 2804 C¹-²
1548 2766 1654 2804 sunt
1677 2763 1762 2803 AB

9 2860 14 2865 .
127 2820 178 2862 21
215 2821 447 2863 attrahens
478 2833 568 2864 om.
591 2823 626 2864 A
692 2822 748 2863 24
781 2824 894 2872 ipsis
927 2823 1271 2872 paenitentibus
1293 2823 1334 2863 Ρ
1363 2823 1451 2863 illis
1484 2822 1758 2872 paenitenti-

68 2880 156 2922 bus
188 2879 269 2923 ΟΒ
301 2882 564 2930 petentibus
595 2882 684 2924 iilis
713 2881 749 2923 A
888 2882 945 2924 26
977 2879 1039 2931 et]
1072 2882 1210 2923 etiam
1241 2882 1276 2923 A
1341 2882 1526 2923 animal·
1557 2882 1598 2923 D
1660 2882 1759 2922 ani-

68 2939 198 2981 malis
229 2935 355 2990 (αῖον
389 2937 451 2990 Ο)
483 2944 590 2982 sunt
619 2940 706 2983 ΡΟ
744 2942 890 2983 ataias
921 2945 1028 2983 sunt
1057 2941 1095 2983 Β
1136 2945 1243 2983 sunt
1281 2941 1385 2982 atal'
1426 2939 1538 2990 (hoc
1566 2938 1691 2989 ord.)
1723 2941 1756 2980 A
