1982 3172
104 104 190 151 AB
223 101 488 151 ALFANO
524 100 589 148 IN
623 98 914 148 LATINUM
950 99 987 145 Τ
992 96 1390 146 RANSLATUM
1426 96 1630 145 CAP.11
1682 104 1750 155 33

63 246 338 309 AmpliUS,
383 245 566 295 anima
606 244 858 293 virtutem
903 248 954 292 et
996 241 1258 291 malitiam
1300 241 1541 302 suscipit.
1621 239 1749 289 Har·
1785 245 1838 286 37

63 318 247 368 monia
279 323 463 367 autem
501 314 851 365 concordiam
890 320 943 364 et
980 313 1316 364 discordiam
1351 326 1463 363 non
1498 312 1743 374 suscipit.

61 391 362 442 Harmonia
404 390 572 452 igitur
614 402 726 439 non
774 395 857 439 est
904 389 1102 438 anima.
1150 387 1299 445 Item,
1344 387 1529 436 anima
1573 387 1743 436 susci·
1785 395 1840 435 38

63 465 266 529 piendo
305 465 579 515 contraria
618 463 921 514 secundum
961 469 1189 525 partem,
1228 461 1539 513 substantia
1577 466 1660 512 est
1698 466 1751 511 et

17 545 40 579 ⁵
63 541 385 591 subiectum.
434 538 542 589 Sed
582 539 870 588 harmonia
909 537 1148 600 qualitas
1184 542 1269 588 est
1307 542 1360 587 et
1398 537 1453 586 in
1486 535 1748 587 subiectO.

62 614 383 666 Substantia
422 620 607 664 autem
648 627 681 663 a
722 612 986 676 qualitate
1027 611 1195 662 aliud.
1250 610 1421 674 Igitur
1461 611 1646 661 anima
1680 610 1750 660 ab

62 690 351 740 harmonia
381 688 548 739 aliud.
594 687 894 738 Harmonia
927 693 1110 737 autem
1145 687 1476 749 participare
1508 685 1749 736 animam

63 764 196 814 nihil
225 764 632 820 inconveniens
663 762 759 812 sed
790 774 899 811 non
930 767 1154 824 propter
1182 761 1287 811 hoc
1314 760 1604 811 harmonia
1625 760 1750 817 erit;

65 851 240 901 neque
260 841 420 896 enim,
445 839 572 898 quia
594 837 795 888 virtute
819 837 1127 899 participat,
1151 837 1326 887 virtus
1349 837 1451 886 erit
1468 831 1688 886 anima!

2 923 38 958 >o
63 912 371 975 Galenus
398 918 582 962 autem
611 912 799 962 testari
829 910 1048 960 videtur
1075 911 1129 960 in
1159 910 1612 961 demonstrativis
1641 924 1751 960 ser·
1787 916 1846 958 39

64 987 334 1044 monibus,
370 993 652 1048 tamquam
689 985 823 1035 nihil
863 983 930 1035 de
966 986 1151 1035 anima
1187 990 1456 1048 appareat
1492 984 1751 1047 loquens;

62 1061 158 1112 sed
192 1067 275 1112 est
306 1061 494 1111 videre
527 1074 594 1111 ex
627 1060 727 1118 his,
762 1074 902 1123 quae
937 1060 1082 1118 dicit,
1110 1066 1169 1111 ut
1201 1060 1381 1123 magis
1409 1058 1543 1111 velit
1571 1060 1749 1110 crasin

63 1135 117 1185 id
155 1142 238 1186 est
276 1137 697 1198 temperantiam
735 1148 858 1186 esse
895 1136 1137 1185 animam
1180 1133 1344 1198 (hanc
1380 1135 1526 1185 enim
1560 1147 1750 1185 conse-

64 1217 304 1272 quuntur
345 1224 562 1260 morum
606 1208 998 1273 differentiae),
1042 1223 1109 1260 ex
1153 1209 1314 1260 dictis
1358 1209 1751 1272 Hippocra-

2 1294 41 1328 15
66 1285 155 1335 tis
186 1283 522 1335 confirmans
557 1286 841 1335 rationem.
886 1283 994 1334 Sed
1031 1285 1075 1334 si
1110 1284 1216 1334 hoc
1248 1290 1346 1342 est,
1377 1283 1751 1341 manifestum,
1786 1291 1842 1331 40

65 1359 214 1421 quod
241 1365 295 1409 et
325 1358 611 1409 mortalem
643 1372 763 1408 eam
793 1372 916 1409 esse
947 1366 1243 1415 noverunt;
1271 1372 1382 1410 non
1406 1372 1626 1409 omnem
1656 1372 1751 1409 au-

66 1440 189 1491 tem,
212 1433 309 1484 sed
334 1433 706 1484 irrationalem
733 1433 908 1483 solam
932 1435 1173 1484 animam
1197 1433 1452 1485 hominiS.
1487 1432 1571 1484 De
1587 1435 1752 1484 ratio-

65 1507 174 1558 nali
200 1521 332 1558 vero
365 1507 594 1557 dubium
625 1514 707 1558 est
739 1522 863 1558 eum
897 1508 1001 1558 hoc
1032 1508 1227 1558 dicere.
1309 1507 1451 1564 Quia
1478 1522 1611 1558 vero
1643 1522 1750 1558 non
1787 1517 1838 1556 41

67 1583 243 1644 possit
275 1583 522 1645 corporis
556 1584 726 1633 erasis
759 1596 882 1633 esse
914 1583 1114 1640 anima,
1147 1596 1214 1632 ex
1249 1583 1354 1634 hoc
1378 1582 1752 1634 manifestum.

0 1664 44 1700 ω
67 1655 242 1707 Omne
286 1670 487 1720 corpus
530 1658 834 1708 animatum
878 1664 931 1708 et
974 1659 1336 1709 inanimatum
1382 1671 1449 1708 ex
1494 1663 1756 1721 quattuor

65 1731 351 1782 elementis
396 1738 626 1783 constat.
683 1732 823 1782 Nam
869 1732 1065 1783 horum
1110 1733 1281 1784 erasis
1325 1732 1382 1783 id
1426 1739 1510 1784 est
1548 1739 1755 1796 tempe-

70 1807 245 1856 rantia
278 1819 511 1869 corpora
547 1808 845 1858 constituit.
893 1806 948 1857 Si
983 1808 1151 1870 igitur
1187 1808 1435 1870 corporis
1471 1808 1642 1859 erasis
1670 1814 1755 1858 est

68 1881 265 1936 anima,
294 1880 505 1930 nullum
535 1882 638 1932 erit
667 1883 1045 1932 inanimatum.
1086 1881 1150 1933 Et
1180 1883 1258 1932 sic
1287 1882 1566 1945 colligitur
1589 1884 1753 1933 ratio:

70 1953 125 2004 Si
159 1955 328 2004 crasis
363 1957 610 2017 corporis
643 1957 827 2006 anima
858 1963 957 2014 est,
993 1971 1115 2006 cum
1150 1970 1312 2007 omne
1341 1971 1542 2020 corpus
1577 1959 1753 2008 crasin

0 2035 46 2070 25
72 2028 285 2086 habeat,
317 2043 478 2079 omne
510 2043 710 2093 corpus
741 2032 980 2081 animam
1013 2031 1191 2082 habet.
1235 2031 1343 2082 Sed
1377 2033 1421 2081 si
1447 2045 1610 2082 omne
1642 2046 1757 2082 cor-

72 2118 175 2165 pus
218 2105 458 2153 animam
504 2099 698 2162 habet,'
726 2105 937 2156 nullum
983 2120 1185 2169 corpus
1230 2108 1332 2157 erit
1376 2108 1755 2158 inanimatum.

145 2282 257 2322 1—2
292 2282 395 2324 mal.
428 2287 473 2323 et
505 2284 602 2324 virt.
636 2315 646 2324 .
673 2315 683 2325 .
710 2314 720 2325 .
764 2285 875 2326 disc.
908 2288 953 2326 et
985 2296 1117 2327 conc.
1149 2285 1261 2335 (hoc
1291 2283 1416 2335 ord.)
1447 2286 1481 2327 A
1607 2286 1633 2326 2
1666 2296 1761 2327 non

67 2342 155 2382 del.
180 2335 241 2382 12⁸
265 2344 317 2383 ut
341 2344 433 2383 vid.
556 2343 583 2383 4
616 2344 839 2384 contraria
858 2364 912 2371 -—-
931 2345 956 2384 5
989 2343 1264 2395 subiectum]
1298 2346 1554 2387 seeundum
1588 2348 1761 2396 partem

69 2402 293 2442 contraria
335 2402 589 2443 secundum
635 2406 808 2453 partem
852 2404 1110 2445 substantia
1153 2408 1223 2446 est
1266 2406 1574 2446 insubiectum
1605 2405 1640 2446 A

69 2459 96 2499 6
128 2461 282 2501 anima
309 2463 425 2512 post
455 2456 619 2503 harm.¹
637 2458 703 2512 (7)
725 2474 838 2513 ροη.
866 2463 948 2505 CB
1022 2464 1046 2505 7
1081 2468 1232 2506 autem
1259 2465 1296 2504 B
1328 2461 1523 2514 (μέντοι)
1557 2465 1694 2514 igitur
1717 2463 1762 2504 Μ

128 2520 383 2571 principare
418 2519 456 2562 C
485 2522 739 2571 principate
771 2522 805 2562 A
882 2524 1036 2564 anima
1066 2523 1151 2564 AB
1302 2524 1328 2564 9
1363 2524 1589 2574 principat
1618 2522 1706 2565 AC

72 2576 126 2617 10
159 2576 258 2619 Gal'
282 2579 317 2620 A
353 2579 575 2621 Gallenus
598 2581 638 2621 Ρ
668 2576 874 2622 Gfia1’=
895 2581 1134 2624 Generalis
1161 2582 1242 2625 CB
1274 2595 1393 2625 corr.
1418 2583 1492 2624 Ho
1649 2586 1763 2635 post

69 2639 221 2678 autem
253 2639 298 2680 d.
323 2640 352 2680 ἰ.
378 2650 418 2681 υ.
452 2635 761 2690 ἀποφαίνεται
798 2637 880 2689 μὲν
911 2637 1066 2692 οὐδέν,
1100 2638 1214 2681 ἀλλὰ
1247 2640 1321 2681 καί
1505 2642 1559 2683 12
1599 2644 1760 2683 crasim

69 2693 384 2747 (constanter)
414 2699 448 2739 A
635 2700 688 2740 13
722 2700 782 2740 id.
800 2704 870 2741 est
901 2700 947 2741 M
982 2702 1105 2742 enim
1138 2702 1176 2742 B
1295 2705 1636 2752 consequenter
1664 2703 1699 2743 A

71 2755 126 2796 14
159 2756 338 2797 differre
361 2757 395 2798 A
552 2759 604 2799 15
637 2760 759 2801 coni.
793 2764 870 2801 rat.
904 2763 1086 2812 transp.
1110 2761 1146 2801 A
1211 2762 1501 2803 manifestum
1534 2765 1604 2803 est
1636 2763 1762 2811 quod

69 2819 115 2855 et
147 2816 335 2856 mortale
367 2827 471 2858 esse
502 2819 680 2860 noverit
709 2819 743 2859 A
883 2819 935 2860 17
968 2820 1052 2861 sol.
1085 2831 1159 2861 an.
1193 2823 1375 2873 transp.
1400 2822 1439 2862 Β
1570 2821 1623 2862 18
1656 2833 1760 2862 eum

69 2885 159 2915 om.
192 2875 232 2916 D
297 2876 385 2916 hoc
417 2879 486 2917 est
518 2878 706 2919 dubium
732 2876 799 2927 (h.
818 2877 882 2928 ο.)
906 2879 940 2919 Α
1068 2880 1122 2920 19
1155 2882 1358 2930 corporis
1390 2883 1437 2922 et
1468 2892 1526 2922 ex
1549 2892 1639 2922 om.
1664 2881 1699 2920 A

71 2933 126 2973 22
159 2935 293 2984 igitur
324 2935 369 2975 M
401 2947 511 2985 ergo
535 2937 573 2977 B
723 2938 779 2978 23
811 2939 984 2989 colligit
1007 2939 1040 2980 A
1196 2939 1251 2980 24
1285 2952 1387 2981 cum
1421 2938 1576 2989 omne]
1612 2936 1698 2981 co'e
1724 2941 1757 2981 A

160 3011 330 3047 Nemes,
357 3012 410 3047 ab
436 3012 592 3047 Alfano
617 3015 763 3049 transl.
789 3015 855 3050 ed.
882 3015 1102 3051 Burkhard
1468 3015 1492 3055 3
