1982 3172
145 304 201 344 24

144 895 198 934 25

144 969 199 1008 26

144 1486 197 1525 27

146 1855 201 1895 28

145 1929 201 1968 29

239 91 302 139 10
598 81 855 128 NEMEsn
888 79 1203 127 PREMNON
1236 79 1561 127 PHYslcON

236 219 393 273 duxit
416 219 656 270 visibilia
680 225 734 269 et
757 218 1057 268 invisibilia
1080 231 1280 280 genere
1305 218 1589 268 hominum
1613 218 1909 270 mediante.

235 294 474 356 Ideoque
498 294 635 344 bene
660 292 715 342 M
731 306 764 343 o
780 306 898 356 yse
915 306 940 342 s
964 292 1294 342 creationem
1320 305 1604 354 exponens
1629 298 1908 355 postremo

233 375 418 419 narrat
462 367 740 418 hominem
788 366 1010 423 factum,
1057 379 1168 416 non
1216 365 1395 416 solum
1456 366 1606 428 quod
1650 366 1907 417 omnibus

235 448 458 504 propter
497 455 622 491 eum
663 440 900 491 conditis
939 453 1163 490 necesse
1203 445 1350 490 esset
1389 441 1540 502 prius
1580 441 1750 491 creari
1783 441 1907 491 usui

234 517 352 566 eius
389 515 645 565 habenda
683 521 736 565 et
774 515 852 564 sic
887 516 1070 576 ipsum
1111 519 1351 564 utentem
1388 515 1611 576 apponi,
1645 514 1743 565 sed
1781 515 1909 576 quia
1960 524 1978 556 5

235 590 525 640 invisibilis
561 589 834 639 essentiae
871 594 1035 650 atque
1071 587 1307 638 visibilis
1345 587 1627 650 quoddam
1665 589 1910 650 oportuit
1945 594 1948 596 ’

233 664 352 714 fieri
387 663 673 725 utriusque
708 662 1173 724 colligamentum,
1207 667 1266 711 ut
1300 676 1470 712 unum
1505 668 1689 713 essent
1721 663 1907 713 omnia

233 743 286 788 et
319 737 628 787 adinvicem
664 737 1055 799 compatientia
1087 749 1189 786 nec
1220 749 1253 785 a
1288 749 1347 786 se
1380 736 1517 798 ipsis
1544 735 1740 786 aliena.
1784 735 1914 786 Fac-

234 820 347 861 tum
409 818 492 862 est
553 812 719 873 igitur
781 816 1042 873 utrasque
1104 810 1372 879 colligans
1417 816 1645 861 naturas
1689 810 1908 868 animal,

234 887 415 936 homo,
517 885 603 935 Ad
652 885 1021 935 enarrandum
1084 885 1251 947 igitur
1296 884 1534 935 breviter
1580 884 1908 947 sapientiam
1943 891 1982 926 ¹⁰

233 961 493 1010 creatoris
527 960 663 1009 haec
699 960 832 1010 satis
869 960 990 1016 sint,
1027 958 1175 1021 quod
1213 960 1267 1008 in
1301 958 1486 1009 medio
1516 958 1907 1009 irrationabilis

234 1033 685 1095 rationabilisque
726 1039 955 1083 naturae
996 1033 1163 1084 homo
1206 1034 1435 1095 positus,
1479 1033 1751 1095 siquidem
1793 1046 1909 1083 cor·-

236 1109 352 1169 pori
415 1107 727 1158 inflectetur
782 1108 1070 1170 magisque
1118 1121 1383 1169 corporea
1439 1107 1776 1168 concupierit
1831 1106 1911 1156 di-

234 1182 532 1243 lexeritque
576 1182 747 1232 vitam
792 1181 1264 1238 irrationabilium,
1309 1181 1394 1230 his
1439 1181 1660 1243 quidem
1704 1194 1910 1232 connu-

233 1256 528 1306 merabitur
572 1262 928 1318 terrenusque
987 1256 1275 1306 vocabitur
1331 1256 1484 1305 iuxta
1527 1254 1813 1305 Paulum
1853 1260 1908 1305 et
1943 1260 1982 1296 ¹⁵

233 1330 444 1380 audiet:
497 1329 695 1386 „Terra
736 1344 795 1380 es
836 1336 890 1380 et
931 1331 984 1379 in
1027 1336 1225 1380 terram
1267 1329 1587 1379 reverteris“
1623 1335 1678 1380 et
1717 1328 1908 1387 „Com-

234 1410 459 1465 paratus
495 1410 577 1454 est
613 1405 871 1454 iumentis
907 1403 1374 1453 irrationabilibus
1409 1409 1462 1453 et
1499 1403 1693 1453 similis
1728 1402 1908 1454 factus

233 1484 315 1528 est
356 1477 511 1527 illis“.
565 1477 727 1533 Quod
771 1479 815 1528 si
857 1491 953 1539 per
994 1477 1479 1528 rationabilitatem
1519 1478 1759 1539 erigetur
1794 1491 1909 1527 om·

234 1565 330 1601 nes
360 1551 773 1614 floccipendens
804 1551 1197 1601 delectationes
1229 1564 1537 1612 corporeaS‚
1565 1551 1638 1614 ad
1669 1550 1913 1600 divinam

232 1632 284 1675 et
309 1625 414 1675 deo
435 1625 691 1676 dilectam
715 1626 884 1676 vitam
908 1626 1190 1687 perveniet
1204 1625 1522 1687 hominique
1538 1624 1912 1687 principaliter
1940 1632 1982 1666 2⁰

235 1700 562 1761 dispositam
595 1706 648 1749 et
679 1700 781 1750 erit
813 1701 968 1761 quasi
1003 1700 1252 1750 caelestis
1286 1698 1588 1749 secundum
1621 1699 1771 1761 quod
1799 1699 1909 1749 dic-

233 1780 347 1823 tum
387 1780 495 1824 est:
538 1773 762 1832 „Qualis
805 1780 1067 1830 terrenus,
1110 1772 1247 1823 tales
1291 1779 1343 1823 et
1385 1773 1599 1830 terreni,
1635 1779 1689 1823 et
1730 1772 1910 1834 qualis

235 1847 500 1904 caelestis,
539 1847 678 1898 tales
717 1853 770 1898 et
808 1847 1119 1898 caelestes“.
1170 1847 1472 1898 Rationalis
1510 1861 1642 1898 vero
1680 1853 1908 1898 naturae

234 1921 467 1983 capitale
500 1928 583 1972 est
615 1922 750 1971 haec
782 1921 974 1984 fugere
1007 1928 1061 1971 et
1093 1923 1265 1971 averti
1297 1936 1330 1970 a
1357 1920 1533 1970 malis,
1642 1920 1751 1972 Sed
1779 1921 1908 1984 quia

235 1996 505 2045 bonorum
538 1996 673 2046 haec
706 1995 927 2057 quidem
963 2002 1089 2046 sunt
1122 1996 1434 2045 communia
1466 1996 1683 2045 animae
1713 2000 1767 2045 et
1794 2007 1909 2044 cor-
1940 1999 1982 2041 ὅ

234 2069 383 2131 poris
416 2069 487 2119 ad
516 2071 756 2119 animam
791 2070 1012 2131 quidem
1046 2071 1224 2132 magis
1258 2069 1600 2132 pertinentia,
1633 2068 1766 2119 dum
1794 2081 1910 2118 cor-

306 2189 331 2227 2
364 2189 484 2229 bene
513 2191 627 2240 post
658 2200 761 2237 exp.
784 2201 895 2239 pon.
919 2189 954 2229 Α
1021 2189 1046 2228 3
1080 2189 1205 2238 quod
1237 2189 1284 2229 M
1316 2189 1502 2238 quidem
1533 2188 1573 2228 Β
1631 2187 1659 2226 4
1691 2187 1827 2227 creati
1859 2180 1917 2228 C¹

231 2259 349 2288 corr.
385 2241 442 2289 C²
532 2248 558 2287 5
591 2249 795 2297 apponi*
829 2249 911 2288 sed
945 2245 1086 2296 (eraS.
1117 2246 1295 2298 7=et)
1327 2247 1362 2288 A
1463 2247 1490 2287 6
1523 2246 1742 2296 quiddam
1775 2245 1858 2286 CB

234 2307 283 2346 11
320 2310 425 2346 sunt
456 2307 489 2347 A
555 2307 665 2356 quid
692 2301 749 2348 C¹
773 2319 891 2348 corr.
919 2300 976 2348 C²
1039 2307 1092 2346 12
1125 2308 1353 2356 siquidem
1378 2306 1424 2346 M
1455 2306 1494 2346 si
1527 2305 1638 2354 quid
1660 2305 1699 2344 B
1762 2303 1814 2344 13
1847 2306 1914 2344 in-

232 2367 426 2406 flectitur
448 2366 494 2405 M
558 2367 798 2416 magisque
823 2364 1060 2415 corporea]
1088 2370 1133 2407 et
1158 2367 1304 2416 magis
1329 2375 1521 2414 corpora
1543 2364 1578 2404 A
1642 2363 1779 2404 dilex.
1805 2374 1914 2403 con-

234 2426 517 2474 cupieritque
550 2423 661 2473 (hoc
691 2423 815 2475 ord.)
847 2426 885 2465 Β
993 2425 1047 2465 14
1079 2422 1167 2473 his]
1202 2426 1366 2474 hisque
1401 2423 1439 2465 C
1543 2422 1595 2462 17
1629 2419 1716 2471 est]
1750 2432 1800 2462 es
1830 2421 1921 2463 AC
1952 2420 1960 2426 ”

234 2485 352 2524 idem
385 2477 445 2524 12²
476 2486 523 2524 et
553 2496 607 2525 ex
638 2487 829 2525 correct.
862 2497 920 2525 m.
947 2490 966 2524 1
994 2485 1045 2533 Β,
1078 2487 1222 2525 antea
1256 2486 1448 2533 uterque
1481 2484 1550 2522 est
1633 2481 1915 2521 irrationabi-

233 2543 351 2582 libus
383 2554 472 2583 om.
505 2543 551 2584 M
690 2543 743 2590 18
777 2547 845 2584 est
875 2538 982 2584 12¹3
1013 2555 1063 2584 es
1094 2536 1245 2584 ACP'
1306 2541 1654 2582 rationalitatem
1686 2540 1766 2580 ΡΑ
1830 2541 1914 2580 eri-

233 2602 351 2650 gitur
381 2602 426 2640 M
489 2613 744 2652 omnesque
777 2603 1123 2651 floccipenderit
1154 2602 1193 2642 B
1371 2599 1427 2640 20
1461 2599 1684 2640 delectam
1718 2597 1758 2640 C
1815 2609 1914 2648 per-

235 2661 403 2700 veniat.
436 2661 769 2711 hominumque
795 2661 833 2703 C
891 2661 942 2701 21
980 2662 1205 2710 disposita
1227 2659 1266 2700 Β
1318 2659 1571 2700 secundum
1590 2657 1720 2698 —22
1751 2658 1915 2699 terreni

235 2715 296 2766 et]
322 2719 515 2759 audiens
531 2720 569 2758 B
630 2719 681 2759 21
710 2721 963 2761 secundum
990 2720 1116 2770 quod
1138 2720 1178 2759 Ρ
1200 2718 1251 2765 S;
1276 2714 1293 2768 ἱ
1317 2715 1380 2767 (=
1395 2714 1498 2767 sed)
1524 2717 1728 2767 quodA;
1752 2716 1864 2766 quid
1881 2715 1920 2757 C

294 2775 350 2816 22
382 2771 448 2817 et¹
473 2788 562 2818 om.
586 2779 620 2818 A
693 2779 748 2818 23
779 2790 888 2820 vero
921 2783 1110 2819 naturae
1133 2778 1180 2818 M
1211 2778 1333 2818 enim
1366 2779 1598 2817 creaturae
1620 2775 1660 2823 Β
1719 2774 1776 2814 24
1803 2777 1918 2825 post

236 2836 366 2876 malis
390 2836 521 2876 deest
544 2838 573 2876 ι’.
591 2849 631 2877 υ.
662 2834 860 2884 μετιέναι
885 2834 935 2876 δὲ
961 2835 1035 2876 καὶ
1057 2832 1275 2886 αἱρεῖεθαι
1297 2831 1356 2874 τὰ
1381 2830 1497 2873 καλά
1559 2834 1616 2875 26
1646 2834 1707 2875 ad
1723 2853 1778 2860 -
1798 2844 1841 2882 p.
1862 2832 1910 2872 11

234 2894 316 2934 v.l
353 2897 458 2934 sunt
489 2906 577 2935 om.
610 2895 648 2934 Β
709 2897 855 2945 magis
887 2897 926 2936 Ρ
956 2907 1122 2946 magna
1153 2894 1233 2937 AC
1290 2897 1402 2935 ante
1434 2890 1625 2945 corpore
1657 2893 1768 2937 add.
1800 2893 1847 2931 in
1881 2891 1920 2944 C
