1982 3172
240 120 342 170 130
601 113 858 160 NEMESII
891 114 1206 161 PREMNON
1240 115 1564 164 PHYSICON

234 256 367 308 rent,
387 250 619 302 alterum
645 251 867 313 quidem
889 265 999 302 non
1025 258 1183 303 esset.
1218 251 1406 303 Mixtis
1429 259 1613 304 autem
1634 255 1912 306 existenti-

233 325 352 383 bus,
393 339 532 388 quae
576 325 732 382 fiunt,
773 325 1073 388 aliquando
1117 326 1338 390 quidem
1380 327 1682 380 adveniunt
1721 342 1912 380 secun-

234 397 381 457 dum,
417 399 565 462 quod
604 400 658 448 in
695 399 871 458 nobiS,
909 399 1209 462 aliquando
1246 414 1379 452 vero
1418 401 1719 453 secundum
1755 417 1911 466 prae-

229 474 490 524 scientiae
530 474 814 532 rationem,
855 473 1156 537 aliquando
1195 481 1379 526 autem
1421 476 1724 527 secundum
1763 483 1910 529 utra-

147 557 198 597 12
231 561 351 610 que.
394 547 763 599 Praescientia
800 554 984 599 autem
1019 548 1108 599 hic
1145 549 1366 612 quidem
1404 551 1763 603 communiter
1796 553 1909 602 exi·
1957 570 1973 602 ε

230 627 421 680 stente,
455 621 567 672 illic
600 635 733 672 vero
771 622 1121 685 singulariter
1157 637 1381 674 necesse
1416 630 1501 675 est
1536 638 1658 675 cum
1691 625 1907 676 univer-

230 696 439 747 salibus
499 697 853 760 particularia
898 697 1060 748 simul
1108 699 1237 760 pati.
1291 699 1434 750 Aere
1479 700 1623 750 enim
1665 714 1768 751 nos
1810 702 1907 751 cir-

228 770 592 821 cumhabente
632 771 775 821 sicco
819 771 1087 823 existente
1129 771 1472 823 desiccantur
1507 786 1762 841 corpora,
1803 775 1906 825 etsi

224 858 336 895 non
373 845 559 895 omnia
598 845 915 908 aequaliter,
953 851 1007 897 et
1043 852 1217 897 matre
1255 860 1365 897 non
1403 847 1541 897 bene
1578 847 1820 899 diaetata
1851 853 1906 899 et

222 919 430 971 nutrita
453 926 863 982 consequenter,
894 933 1033 983 quae
1060 927 1300 983 generat,
1331 922 1654 984 corporibus
1683 921 1906 973 distem·
1935 938 1972 973 ιε

141 1003 193 1044 13
226 1000 417 1057 perata
449 995 804 1058 motibusque
838 996 1142 1058 incongrua
1176 1002 1490 1047 nascuntur.
1615 996 1771 1048 Patet
1805 998 1905 1060 igi-

225 1074 311 1118 tur
353 1082 420 1119 ex
466 1068 777 1131 praedictiS,
822 1069 970 1132 quod
1017 1070 1299 1132 contingat
1342 1069 1588 1120 accidere
1633 1070 1764 1132 quid
1806 1084 1902 1132 per

223 1143 643 1206 temperantiam
670 1143 916 1205 corporis
947 1148 1000 1194 et
1027 1157 1137 1193 non
1170 1157 1266 1205 per
1296 1143 1502 1194 bonum
1522 1150 1788 1195 eventum
1813 1144 1902 1195 vel

224 1231 322 1280 per
366 1218 808 1268 communionem
856 1219 998 1268 aeris
1047 1218 1503 1269 circumhabentis
1553 1219 1670 1270 sive
1705 1232 1774 1270 ex
1806 1233 1902 1270 vo-

222 1295 455 1345 luntaria
501 1291 684 1343 diaeta
723 1292 1103 1355 generantium
1148 1293 1263 1343 sive
1305 1307 1338 1342 a
1380 1292 1562 1344 diaeta
1599 1292 1900 1344 eorundem
1929 1309 1971 1344 15

220 1367 469 1428 ipsorum
495 1373 877 1428 corruptorum
906 1372 966 1417 ut
994 1373 1047 1417 et
1076 1367 1467 1429 temperantias
1495 1380 1563 1418 ex
1585 1367 1899 1419 voluntario

219 1440 375 1490 initio
403 1439 736 1503 quandoque
766 1439 942 1490 malas
973 1439 1278 1502 perficiant,
1309 1445 1362 1491 et
1393 1441 1756 1502 praescientia
1783 1453 1899 1492 om-

134 1523 188 1564 14
217 1515 349 1564 nino
406 1528 572 1565 causa
628 1528 739 1564 non
795 1515 896 1565 erit
954 1513 1160 1565 talium.
1230 1513 1466 1570 Quando
1508 1515 1679 1577 igitur
1713 1515 1897 1566 anima

219 1589 582 1651 temperantia
619 1590 865 1650 corporis
907 1588 1123 1639 devicta
1162 1587 1449 1639 desideriis
1488 1587 1577 1638 vel
1617 1587 1896 1639 furoribus

219 1676 278 1712 se
297 1662 620 1721 subdiderit,
643 1676 676 1712 a
700 1662 1143 1725 contingentibus
1167 1668 1367 1712 eventu
1393 1661 1632 1713 flectitur
1655 1667 1709 1713 et
1725 1661 1895 1712 emol-
1921 1658 1980 1712 20'

218 1737 361 1795 litur,
399 1744 459 1788 ut
498 1750 531 1787 a
569 1742 896 1800 paupertate
933 1736 1021 1786 vel
1064 1735 1270 1787 divitiis
1307 1742 1362 1787 et
1397 1735 1711 1787 voluntario
1744 1735 1894 1786 malo

219 1811 538 1862 succumbit.
581 1810 637 1861 Si
673 1811 817 1861 enim
852 1824 963 1860 non
999 1809 1165 1861 fuerit
1200 1810 1431 1868 devicta,
1466 1810 1689 1873 corrigit
1719 1815 1774 1861 et
1803 1809 1895 1860 de-

217 1887 386 1936 vincit
426 1885 895 1948 distemperatum,
938 1890 998 1935 ut
1038 1890 1310 1947 permutet
1349 1885 1528 1947 magis
1570 1897 1735 1947 quam
1775 1898 1896 1947 per-

217 1965 457 2011 mutetur
482 1966 534 2010 et
565 1959 862 2010 constituat
889 1958 1156 2009 animales
1187 1958 1581 2021 dispositiones
1609 1959 1664 2008 in
1692 1958 1894 2009 bonam

215 2033 595 2084 habitudinem
619 2033 950 2085 deductione
977 2046 1221 2096 congrua
1243 2038 1298 2084 et
1326 2032 1508 2083 diaeta
1535 2032 1894 2083 convenienti.
1921 2047 1967 2082 25

132 2118 186 2158 15
217 2108 374 2159 Patet
414 2109 580 2170 igitur
625 2121 692 2158 ex
736 2107 1150 2170 corrigentibus,
1195 2106 1360 2170 quod,
1405 2107 1497 2169 qui
1538 2120 1650 2157 non
1691 2105 1893 2157 fuerint

291 2289 316 2328 3
348 2299 457 2330 vero
490 2301 579 2330 om.
611 2289 649 2329 Β
798 2288 825 2328 4
858 2293 1009 2329 autem
1042 2300 1131 2329 om.
1163 2289 1198 2329 A
1290 2291 1530 2336 utrumque
1561 2287 1596 2327 A
1748 2286 1775 2325 6
1806 2285 1896 2324 illic

215 2360 269 2388 ex
300 2349 405 2389 illuc
439 2343 497 2390 C¹
529 2351 582 2389 ut
612 2350 704 2389 vid.
945 2348 969 2388 7
1003 2348 1137 2388 simul
1170 2347 1264 2397 pati
1297 2345 1382 2388 PC
1412 2348 1592 2395 transp.
1623 2345 1660 2386 A
1692 2343 1896 2384 similiter

213 2409 307 2456 pati
338 2408 397 2454 B,
441 2408 497 2459 cf.
530 2404 782 2456 ὁμοπαθεῖν
813 2400 963 2448 FP¹D
1004 2403 1275 2456 (ὁμομαθεῖν
1306 2403 1363 2456 Β)
1403 2402 1702 2453 ὁμοιοπαθεῖν
1731 2395 1897 2442 ΠΑΡῖ

272 2467 299 2507 8
331 2467 370 2507 si
402 2467 686 2508 coexistente
717 2467 751 2508 A
897 2466 924 2506 9
955 2469 1096 2507 matre
1127 2477 1216 2507 om.
1249 2466 1289 2506 D
1382 2465 1548 2505 dictata
1577 2463 1616 2503 Β
1647 2463 1769 2503 dieta
1799 2462 1834 2502 A
1968 2489 1970 2491 -

215 2525 268 2565 10
301 2530 652 2576 consequenter,
684 2522 821 2576 quae]
855 2528 1284 2575 consequenterque
1315 2525 1353 2564 Β
1518 2522 1571 2562 12
1604 2522 1829 2571 contingit
1858 2521 1896 2561 Β

270 2586 397 2634 quod
419 2585 503 2627 AB
564 2596 644 2635 per
668 2586 822 2636 suppl.
848 2578 906 2627 C¹
931 2587 984 2626 ut
1007 2586 1099 2626 vid.
1223 2584 1275 2624 13
1310 2594 1388 2632 per
1412 2594 1500 2623 om.
1524 2581 1559 2622 A
1683 2580 1738 2620 14
1770 2591 1893 2621 com-

212 2645 478 2685 munionem
511 2657 566 2686 ex
597 2654 886 2685 communem
919 2655 1039 2685 corr.
1065 2638 1123 2685 0¹
1154 2642 1555 2684 commutationem
1580 2639 1615 2680 A
1740 2639 1793 2679 15
1826 2639 1892 2679 di-

212 2698 337 2743 aeta¹
369 2704 414 2744 M
447 2705 568 2744 dicta
599 2704 637 2744 Β
711 2701 826 2752 sive]
859 2703 932 2744 vel
963 2704 998 2744 A
1070 2715 1097 2743 a
1127 2703 1281 2753 suppl.
1315 2695 1373 2742 0¹
1405 2701 1458 2740 ut
1487 2701 1579 2740 vid.
1642 2698 1891 2740 eorundem

210 2773 299 2803 om.
330 2763 369 2803 Β
551 2763 604 2803 16
635 2766 684 2803 ut
715 2774 804 2804 om.
835 2763 874 2803 Β
977 2761 1323 2812 temperantiam
1353 2759 1394 2800 D
1558 2758 1610 2798 17
1643 2754 1790 2806 initio]
1825 2757 1890 2796 in-

210 2821 340 2861 initio
371 2822 411 2862 Ρ
440 2822 579 2862 immo
609 2822 648 2863 Β
753 2822 995 2872 perficiunt
1023 2822 1061 2862 B
1166 2818 1469 2870 praescientia
1500 2814 1561 2866 (ci
1593 2817 1746 2868 suppl.
1777 2828 1836 2856 m.
1869 2821 1888 2855 1

211 2882 265 2920 ut
294 2878 406 2930 vid.)
442 2880 479 2922 C
599 2881 653 2922 18
686 2891 826 2922 causa
852 2883 967 2931 post
997 2882 1079 2920 erit
1107 2891 1218 2930 pon.
1248 2879 1288 2920 B
1409 2877 1581 2916 17—19
1613 2875 1802 2916 omnino
1837 2894 1888 2900 ——-
1933 2906 1935 2909 .

210 2941 511 2989 temperantia
542 2942 589 2980 in
622 2951 770 2990 Μαι-9.
803 2940 956 2990 suppl.
990 2933 1050 2980 Ρι
1081 2941 1135 2979 ut
1164 2939 1255 2978 vid.
1387 2936 1436 2976 21
1474 2939 1522 2975 ut
1553 2935 1599 2975 M
1630 2937 1677 2974 et
1705 2934 1744 2975 Β
