1982 3172
230 94 300 143 gg
595 87 853 133 NEMEsu
887 68 1202 134 PREMNoN
1237 89 1560 136 PHYSICON

232 237 438 281 eorum,
470 237 609 286 quae
646 224 830 281 sensit,
860 238 1178 287 eorumque,
1214 238 1355 287 quae
1389 227 1662 290 cognovit,
1697 241 1911 279 conser-

174 322 199 363 3
231 311 362 348 vare
402 311 708 348 memorare
753 298 964 349 dicitur.
1017 298 1124 350 Sed
1170 299 1539 362 cognitionem
1581 301 1636 351 in
1675 301 1763 352 his
1800 316 1911 353 non

230 371 567 423 intellectum
600 372 730 423 dicit
764 372 992 431 Plato,
1028 373 1125 424 sed
1162 373 1575 426 dinoscentiam.
1620 375 1912 427 Sensibilia

232 446 376 497 enim
413 453 787 497 memorantur
827 461 924 510 per
962 461 1019 498 se
1058 448 1195 510 ipsa,
1234 447 1613 512 intellegibilia
1647 464 1780 501 vero
1817 465 1913 513 per

232 520 502 578 accidens,
572 521 700 583 quia
772 522 1227 585 cognoscibilium
1297 524 1562 574 memoria
1631 538 1699 574 ex
1758 538 1913 588 prae·
1960 541 1980 574 5

233 601 459 658 accepta
498 595 791 658 phantasia
834 595 913 647 fit.
966 596 1195 659 Proprie
1233 603 1417 648 autem
1459 598 1913 662 intellegibilium,

235 669 383 732 quod
426 669 647 732 quidem
691 670 985 721 didicimus
1024 671 1113 722 vel
1153 671 1486 730 audivimuS,
1528 686 1913 724 memoramus.

233 743 519 794 Essentiae
551 757 684 795 vero
721 759 913 795 eorum
951 746 1272 796 memoriam
1310 760 1421 797 non
1458 746 1741 798 habemus.
1790 747 1914 798 Non

232 818 379 868 enim
409 832 479 869 ex
517 819 879 882 praecedente
916 820 1207 882 phantasia
1243 826 1326 872 est
1361 820 1800 884 intellegibilium
1835 835 1916 872 re-

177 906 202 946 4
235 893 430 956 ceptio,
463 893 560 944 sed
596 907 663 944 ex
698 894 990 957 disciplina
1023 894 1110 945 vel
1146 895 1382 946 naturali
1418 895 1654 959 ingenio.
1697 895 1754 946 Si
1782 909 1914 947 vero
1943 910 1982 946 ιο

234 981 539 1018 memorare
569 968 814 1027 dicimur,
849 983 988 1031 quae
1021 970 1173 1033 prius
1205 969 1447 1020 vidimus
1478 970 1567 1020 vel
1599 970 1915 1021 audivimus

234 1041 321 1093 vel
362 1041 779 1105 quomodolibet
819 1043 1303 1107 apprehendimus,
1343 1058 1465 1095 cum
1507 1045 1659 1107 prius
1698 1044 1916 1096 relatio-

233 1130 360 1166 nem
400 1116 601 1168 habeat
643 1117 714 1167 ad
757 1118 1033 1180 posterius
1076 1123 1310 1180 tempus,
1352 1118 1723 1176 manifestum,
1766 1118 1914 1182 quod

234 1191 616 1242 memorabilia
651 1191 758 1242 sint
797 1191 945 1242 facta
978 1197 1033 1242 et
1072 1192 1426 1242 transeuntia.
1475 1191 1540 1242 Et
1574 1197 1659 1243 est
1694 1191 1915 1256 quidem

178 1279 202 1319 5
235 1265 545 1316 absentium
588 1266 868 1323 memoria,
915 1266 1011 1316 sed
1054 1280 1164 1316 non
1209 1266 1275 1317 fit
1315 1266 1386 1316 ab
1429 1266 1765 1324 absentibus.
1818 1266 1916 1318 Re·
1944 1281 1982 1318 ιε

235 1340 561 1390 memoratio
595 1354 728 1390 vero
769 1340 980 1398 dicitur,
1018 1354 1139 1391 cum
1179 1340 1387 1391 oblivio
1425 1341 1771 1404 interceperit
1805 1354 1916 1392 me-

234 1415 482 1465 moriam.
526 1413 620 1465 Est
655 1415 798 1465 enim
834 1415 1219 1465 rememoratio
1257 1415 1553 1466 memoriae
1590 1415 1802 1467 deletae
1835 1429 1917 1466 re-

237 1489 533 1552 cuperatio.
582 1488 797 1554 Deletio
836 1503 967 1539 vero
1008 1489 1073 1540 fit
1111 1489 1180 1539 ab
1220 1489 1513 1540 oblivione.
1563 1489 1784 1541 Oblivio
1819 1503 1916 1541 au-

236 1569 344 1614 tem
372 1569 455 1614 est
486 1563 783 1614 memoriae
814 1563 1035 1614 ablatio.
1079 1563 1187 1614 Sed
1218 1563 1355 1613 haec
1385 1563 1604 1626 quidem
1633 1568 1914 1627 perpetua,

234 1638 371 1689 haec
406 1651 536 1688 vero
579 1637 880 1688 secundum
921 1637 1296 1700 quantitatem,
1337 1637 1491 1687 cuius
1528 1643 1614 1688 est
1650 1651 1913 1689 rememo·
1940 1655 1982 1691 20

236 1712 391 1763 ratio,
441 1711 567 1762 Alia
608 1726 740 1762 vero
781 1717 866 1763 est
907 1712 1308 1769 rememoratio,
1353 1712 1506 1762 cuius
1547 1725 1658 1762 non
1697 1717 1782 1762 est
1819 1711 1914 1762 ob·

236 1786 384 1845 livi0,
424 1801 536 1837 non
581 1785 760 1837 solum
802 1800 1008 1843 eorum,
1053 1799 1193 1849 quae
1235 1799 1332 1849 per
1375 1799 1597 1836 sensum
1638 1791 1690 1837 et
1729 1786 1914 1850 cogni-

235 1861 442 1912 tionem
499 1860 1003 1924 apprehenduntur,
1064 1860 1161 1911 sed
1203 1860 1368 1911 etiam
1412 1859 1649 1911 naturali
1692 1860 1913 1924 ingenio

235 1934 676 1986 adinventorum.
724 1934 975 1986 Naturali
1015 1948 1147 1985 vero
1186 1934 1407 1997 ingenio
1448 1934 1747 1985 adinventa
1785 1933 1915 1984 dici-

236 2024 375 2067 mus,
398 2023 537 2072 quae
565 2009 795 2060 firmiter
821 2009 1077 2059 omnibus
1104 2009 1304 2066 insunt,
1331 2014 1391 2059 ut
1415 2022 1537 2059 esse
1560 2008 1738 2059 deum.
1761 2007 1916 2059 Hanc
1941 2025 1982 2061 z

236 2089 419 2134 autem
450 2083 650 2134 Plato
686 2083 1198 2134 rememorationem
1230 2096 1354 2133 esse
1389 2082 1518 2133 dicit
1551 2082 1722 2134 ideae.
1768 2081 1913 2138 Quid

315 2265 333 2305 1
370 2266 509 2306 sentit
539 2265 576 2305 B
594 2294 599 2298 -
713 2276 832 2314 quae
865 2258 1102 2317 cognofissl
1132 2259 1272 2313 (quae
1303 2276 1341 2304 s.
1374 2275 1415 2304 υ.
1447 2264 1601 2314 suppl.
1633 2275 1691 2303 m.
1722 2267 1749 2302 2
1779 2273 1916 2304 eraso

237 2322 346 2375 que)
379 2325 419 2366 P
560 2324 585 2364 2
619 2324 882 2365 memoriale
914 2323 996 2364 AB
1116 2323 1201 2364 sed
1231 2323 1271 2363 P
1299 2323 1551 2363 secundum
1583 2321 1666 2362 AB
1807 2320 1834 2361 4
1866 2331 1917 2362 se

236 2397 324 2426 om.
341 2384 379 2424 Β
507 2383 534 2423 6
566 2384 616 2423 iit
640 2377 699 2424 Ρι
723 2394 818 2424 non
843 2383 894 2422 fit
917 2377 977 2423 1³²
999 2384 1109 2434 fort.
1137 2375 1369 2435 <prae>fit
1393 2375 1708 2431 (περιγίνεται)
1737 2380 1794 2431 cf.
1817 2385 1919 2430 3633

296 2443 320 2483 7
355 2454 656 2484 memoramur
685 2443 723 2483 Β
843 2442 870 2482 9
901 2442 1195 2491 praecedenti
1225 2441 1263 2481 B
1392 2440 1441 2480 11
1478 2441 1668 2481 dicimur
1698 2451 1784 2490 eqo
1815 2451 1916 2480 cum

235 2504 302 2554 39
334 2504 389 2544 El
421 2499 686 2553 (λεγώμεθα)
720 2503 913 2542 dicimus
946 2495 1051 2542 P¹B
1083 2502 1279 2542 diximus
1310 2494 1468 2540 APM
1621 2496 1712 2548 vel]
1747 2501 1792 2540 et
1821 2499 1861 2540 Β

239 2563 292 2603 13
321 2565 434 2613 post
465 2563 618 2603 manif.
651 2563 762 2603 add.
795 2563 864 2602 est
895 2561 934 2602 P
1114 2559 1167 2600 14
1199 2561 1305 2600 sunt
1334 2558 1368 2599 A
1495 2559 1609 2610 post
1637 2559 1918 2600 transeuntia

236 2624 280 2662 d.
306 2624 334 2663 ι’.
361 2635 401 2663 υ.
425 2617 484 2660 τὰ
516 2618 566 2660 ἑν
597 2618 750 2673 χρόνῳ
784 2615 1082 2669 ευνιετάμενα
1205 2618 1257 2658 15
1290 2617 1390 2669 sed]
1423 2620 1462 2658 si
1486 2618 1523 2658 Β
1645 2615 1818 2658 15-16
1849 2628 1915 2658 re-

236 2682 504 2722 memoratio
529 2675 589 2722 Ρ8
621 2681 964 2723 mememoratio
989 2674 1048 2721 Ρ1
1081 2678 1348 2721 memoratio
1371 2678 1454 2720 AB
1559 2677 1612 2717 16
1644 2676 1735 2717 obl.
1760 2677 1915 2718 intere.

236 2742 418 2791 transp.
450 2740 485 2780 A
611 2740 663 2781 17
696 2751 804 2782 rem.
837 2740 959 2781 enim
992 2742 1062 2781 est
1092 2736 1158 2789 (h.
1177 2733 1241 2786 ο.)
1270 2736 1306 2778 Α
1430 2736 1484 2777 18
1516 2739 1668 2778 autem
1699 2746 1789 2776 om.
1820 2734 1856 2776 A

239 2799 293 2839 19
325 2800 409 2840 sed
432 2797 564 2849 haec]
591 2801 630 2840 si
653 2799 691 2840 Β
804 2799 860 2839 20
893 2793 1226 2845 rememoratio]
1252 2797 1519 2838 memoratio
1542 2795 1578 2836 A
1693 2793 1749 2835 22
1781 2805 1916 2845 cogn.

237 2861 284 2900 et
314 2869 501 2900 sensum
533 2855 599 2908 (h.
633 2855 697 2907 ο.)
729 2858 765 2900 A
902 2857 958 2899 23
991 2854 1347 2908 apprehenditur
1376 2849 1436 2897 P¹
1467 2866 1586 2897 corr.
1617 2847 1678 2896 1²⁸
1758 2850 1914 2904 etlam]

237 2920 306 2959 est
338 2916 372 2958 A
525 2917 580 2957 24
614 2918 855 2958 didicimus
888 2918 922 2964 A
1075 2916 1130 2956 26
1163 2923 1269 2957 esse
1303 2915 1412 2957 dicit
1443 2917 1625 2966 transp.
1658 2911 1740 2954 AB
