1982 3172
267 113 336 164 36
633 108 677 155 Ν
682 107 889 156 EMESII
923 107 1239 158 PREMNON
1272 109 1597 159 PHYSICON

266 247 587 298 naturaliter
644 249 942 299 existentes
1001 248 1316 311 picrocholi,
1359 250 1465 300 hoc
1505 257 1588 302 est
1633 256 1946 304 constantes

264 322 467 371 amaris
499 321 825 380 choleribus,
858 323 1160 373 irascibiles
1197 330 1337 382 sunt,
1371 324 1464 374 alii
1496 339 1629 376 vero
1660 327 1818 390 pigri,
1847 326 1939 377 alii

265 408 396 445 vero
433 397 598 446 taciti.
648 395 757 446 Sed
798 396 1022 458 quidam
1062 397 1310 448 obtinent
1349 400 1525 449 crasin
1558 405 1614 450 et
1645 400 1941 463 praefiunt.

267 469 374 519 Sed
411 469 563 520 aliud
600 476 697 528 est,
736 471 885 532 quod
923 471 1146 529 obtinet,
1184 478 1237 522 et
1273 472 1439 531 aliud,
1471 474 1619 536 quod
1657 474 1947 526 obtinetur.

179 550 227 590 51
265 543 432 594 Aliud
471 545 639 607 igitur
677 552 762 595 est
803 546 972 595 erasis
1012 553 1066 596 et
1105 546 1257 596 aliud
1297 548 1495 597 anima.
1542 547 1756 611 Corpus
1795 563 1946 599 nam-

268 632 370 679 que
415 631 684 680 organum
731 619 787 668 id
832 626 915 670 est
961 620 1384 671 instrumentum
1428 622 1671 672 existens
1715 624 1945 681 animae,

266 694 309 741 si
342 692 563 754 quidem
580 706 822 755 congrue
837 695 1145 756 adaptetur,
1172 703 1500 757 cooperatur
1513 698 1730 747 animae
1743 699 1950 760 ipsum-

267 781 370 829 que
410 769 798 818 convenienter
836 768 1038 833 habetr
1067 770 1111 819 si
1150 783 1282 819 vero
1323 771 1638 833 incongrue,
1678 770 1861 822 obstat
1894 778 1947 822 et

264 850 393 891 tunc
424 857 558 892 usus
592 856 773 892 rerum
806 844 1022 892 animae
1055 850 1411 906 oppugnatur
1443 844 1513 894 ab
1545 846 1947 908 incongruitate

264 917 482 978 organi;
512 923 565 967 et
598 918 642 966 si
673 917 837 966 nimis
867 919 1272 980 repugnaverit,
1304 913 1376 967 ad
1408 918 1543 968 illud
1570 933 1789 981 quoque
1821 933 1946 970 con·
1973 927 1982 961 1

263 992 506 1048 vertitur,
569 991 1039 1053 quemadmodum
1087 994 1330 1042 musicus
1378 993 1540 1043 simul
1587 1000 1776 1056 peccat
1823 1008 1944 1044 cum

144 1085 230 1124 χ52
264 1065 590 1115 distortione
621 1065 788 1129 lyrae,
820 1067 926 1116 nisi
960 1067 1112 1128 prius
1143 1080 1265 1116 eam
1298 1067 1436 1117 bene
1469 1069 1777 1118 correxerit.
1815 1067 1944 1118 Ideo

263 1141 429 1201 igitur
453 1154 589 1189 usus
615 1141 832 1190 animae
859 1146 942 1191 est
965 1154 1034 1190 ex
1062 1142 1405 1202 congruitate
1433 1143 1694 1203 corporis,
1714 1148 1774 1192 ut
1801 1155 1945 1192 com-

264 1220 433 1275 ponat
466 1214 616 1273 illud·
639 1227 908 1276 organum
946 1215 1049 1269 sibi
1084 1228 1403 1276 congruum.
1450 1215 1568 1265 Hoc
1600 1222 1783 1266 autem
1813 1215 1944 1267 facit

263 1289 472 1338 ratione
492 1295 543 1339 et
569 1289 830 1346 moribus,
853 1288 989 1338 haec
1004 1288 1224 1350 quidem
1241 1289 1593 1347 intendendo,
1608 1289 1701 1340 illa
1715 1303 1847 1340 vero
1865 1304 1942 1341 re·
1969 1298 1982 1332 ¹

262 1362 547 1420 mittendO,
588 1363 741 1412 velut
783 1364 837 1412 in
882 1363 1184 1420 harmonia,
1228 1370 1287 1414 ut
1331 1364 1453 1425 ipsa
1497 1363 1599 1413 sibi
1639 1377 1942 1426 congruum

262 1437 398 1486 illud
438 1443 735 1499 componat
770 1450 949 1499 eoque
987 1443 1269 1499 tamquam
1308 1451 1518 1500 organo
1559 1439 1944 1489 convenienter

262 1517 459 1568 utatur,
483 1512 565 1560 sin
593 1517 791 1569 autem,
820 1512 942 1574 ipsa
970 1517 1317 1561 convertetur
1330 1511 1578 1569 adillud;
1607 1512 1755 1574 quod
1771 1526 1936 1574 saepe

174 1604 228 1643 53
262 1586 543 1648 contingit.
645 1585 1081 1635 Aristoteles
1122 1592 1305 1635 autem
1347 1586 1587 1635 animam
1630 1585 1942 1648 explemen-

261 1667 375 1710 tum
433 1659 620 1710 dicens
677 1659 810 1709 nihil
869 1659 994 1721 plus
1036 1659 1262 1717 confert,
1306 1674 1470 1722 quam
1511 1660 1582 1718 hi,
1619 1661 1711 1722 qui
1753 1660 1982 1710 dicunt2

174 1752 228 1791 54
263 1734 582 1796 qualitatem
622 1748 742 1783 eam
781 1747 919 1784 esse.
971 1733 1078 1784 Sed
1120 1734 1561 1784 demonstremus
1602 1735 1769 1796 prius,
1810 1734 1941 1796 quid

263 1810 407 1859 dicat
435 1808 862 1870 explementum.
904 1808 1280 1858 Substantiam
1312 1821 1443 1858 vero
1475 1807 1758 1870 tripliciter
1789 1807 1942 1859 dicit:

262 1880 418 1932 ‘hanc
443 1883 679 1944 quidem,
706 1889 766 1932 ut
791 1883 1075 1933 materiam
1103 1882 1418 1939 subiectam,
1446 1895 1585 1944 quae
1612 1887 1940 1944 potestatem

263 1957 425 2007 habet
449 1957 519 2006 ad
545 1958 981 2018 generationem;
1007 1956 1170 2006 aliam
1198 1970 1328 2006 vero
1356 1956 1590 2006 formam
1616 1963 1669 2006 et
1688 1958 1941 2018 speciem,

262 2032 563 2081 secundum
597 2045 760 2093 quam
795 2030 1147 2093 specificatur
1178 2032 1431 2087 materia;
1464 2032 1677 2080 tertiam
1711 2043 1842 2080 vero
1873 2035 1982 2080 ex2

259 2107 521 2168 utrisque,
562 2106 668 2155 hoc
705 2112 790 2155 est
829 2119 898 2155 ex
939 2106 1170 2155 materia
1210 2111 1263 2155 et
1306 2106 1502 2166 specie,
1538 2103 1756 2161 factam,
1799 2117 1939 2166 quae

175 2198 230 2236 55
264 2180 601 2242 relinquitur,
634 2186 694 2230 ut
729 2181 799 2230 sit
833 2181 1090 2230 animata.
1135 2179 1229 2231 Est
1264 2180 1430 2242 igitur
1462 2179 1692 2229 materia
1720 2178 1958 2240 quidem·

336 2360 362 2400 2
395 2361 559 2401 amaris
582 2361 621 2400 Ρ
658 2371 715 2400 ex
747 2360 911 2399 amaris
942 2359 977 2399 A
1018 2370 1047 2399 a
1078 2359 1208 2399 malis
1242 2357 1323 2399 CB
1412 2356 1638 2398 celeribus
1672 2354 1713 2396 O
1747 2355 1942 2397 choleris

260 2420 359 2468 H0;
391 2421 523 2460 nolui
547 2420 780 2470 corriyere
804 2419 1104 2469 interpretem
1166 2416 1417 2458 irascibiles
1446 2425 1555 2456 vero
1587 2418 1693 2455 sunt
1724 2414 1800 2454 alii
1826 2411 1942 2464 pigri

261 2481 338 2519 alii
369 2480 492 2519 taciti
524 2479 558 2519 A
743 2477 768 2517 3
808 2481 854 2518 et
887 2471 1186 2530 <p>raefiunt
1215 2476 1405 2518 lwanus
1436 2475 1494 2516 de
1523 2474 1719 2514 Mueller
1749 2469 1941 2523 (fitteris

257 2540 412 2588 pridie
442 2538 562 2578 Non.
593 2538 724 2579 Febr.
758 2541 860 2576 1912
898 2539 964 2577 ad
995 2548 1066 2577 me
1098 2537 1252 2584 datis,
1293 2535 1348 2586 cf.
1380 2527 1709 2582 περιγίνονται)
1754 2535 1800 2574 et
1838 2531 1940 2573 refi-

262 2601 341 2637 unt
371 2598 411 2637 Ρ
440 2601 485 2638 et
517 2597 726 2638 reficiunt
756 2592 818 2645 (ci
850 2597 939 2637 del.
972 2608 1030 2636 m.
1065 2593 1192 2645 1-2)
1227 2594 1266 2635 C
1293 2596 1338 2634 et
1369 2592 1577 2634 reficiunt
1607 2592 1645 2632 Β
1675 2591 1752 2632 alii
1784 2601 1939 2640 respu-

260 2660 340 2696 unt
370 2656 404 2696 A
558 2656 585 2695 4
606 2640 663 2697 et
693 2655 818 2696 ahud
848 2656 888 2696 Ρ
924 2655 1049 2695 aliud
1081 2658 1150 2695 est
1179 2653 1214 2694 A
1256 2652 1379 2692 aliud
1413 2650 1494 2692 CB
1642 2651 1668 2690 5
1708 2650 1844 2702 igItur
1873 2650 1962 2690 est'

259 2718 441 2765 tran-sp.
469 2715 507 2756 C
535 2716 670 2764 igitur
690 2715 730 2755 Β
820 2714 844 2754 7
879 2715 1118 2763 adaptatur
1147 2713 1186 2752 Β
1215 2713 1503 2760 adaptaretur
1535 2709 1573 2751 C
1663 2709 1712 2750 11
1747 2708 1882 2749 slmil’
1903 2708 1939 2748 A

321 2774 373 2813 12
406 2775 681 2815 distorsione
703 2774 742 2814 Β
802 2774 924 2814 bene
947 2784 1037 2814 om.
1053 2773 1092 2812 Β
1213 2771 1266 2810 15
1299 2770 1549 2810 rationibus
1571 2769 1606 2809 A
1680 2768 1683 2770 ’
1732 2767 1785 2808 17
1817 2777 1941 2808 com-

259 2834 371 2881 port’
395 2834 429 2873 A
626 2833 679 2872 18
711 2834 820 2873 sin.
839 2834 1161 2874 ‚convertatur
1189 2830 1224 2870 A
1405 2828 1461 2868 20
1494 2827 1634 2867 nichil
1664 2827 1706 2868 D
1737 2826 1802 2866 nil
1830 2826 1894 2866 Ρ

258 2891 313 2931 23
347 2892 435 2931 hoc
466 2892 504 2931 Β
575 2894 688 2942 post
718 2893 910 2932 subiect.
944 2893 987 2931 d.
1014 2892 1042 2930 ι’.
1068 2902 1108 2930 υ.
1142 2885 1167 2927 ὃ
1199 2883 1302 2927 καθ’
1334 2883 1474 2925 ἑαυτὸ
1508 2883 1590 2936 μὲν
1622 2881 1760 2925 οὐδέν,
1790 2880 1892 2927 ἐστι

258 2952 311 2991 25
347 2952 532 3005 materia
565 2962 652 2990 om.
688 2951 725 2990 Β
