1982 3172
576 106 660 152 DE
694 101 1051 150 ELEMENTIS
1085 99 1223 157 CAP.
1251 100 1291 146 V
1714 103 1781 152 67

94 249 255 299 rectis
307 251 560 297 constant
617 243 790 300 lineiS,
846 247 1021 292 terrae
1078 236 1299 301 quidem
1341 233 1670 286 assimilavit
1712 230 1777 281 fi-

92 335 303 387 guram,
362 333 502 383 quae
563 330 757 381 graece
802 315 999 366 dicitur
1051 317 1310 381 kybicon,
1361 315 1490 378 quia
1534 311 1783 362 immobi-

95 396 305 448 lissima
339 400 422 445 est
460 393 811 456 reliquarum,
845 402 1024 452 aquae
1061 400 1194 438 vero
1230 399 1370 443 eam,
1408 396 1549 447 quae
1582 394 1778 445 graece

95 471 293 522 dicitur
336 467 680 525 icosaedron‚
727 478 868 528 quae
913 462 1151 514 residuis
1196 466 1281 512 est
1327 457 1617 509 difficilius
1663 469 1779 506 mo-

50 562 73 597 5
95 544 236 603 bilis,
270 545 383 607 igni
420 555 554 593 vero
590 555 728 599 eam,
767 552 907 602 quae
943 550 1139 601 graece
1177 535 1374 586 dicitur
1410 531 1781 597 pyramoides,

97 632 238 683 quae
258 624 341 669 est
366 616 628 668 facillime
651 614 888 671 mobilis,
912 612 1027 663 aeri
1052 617 1236 662 autem
1260 623 1399 666 eam,
1421 621 1563 671 quae
1586 618 1783 670 graece

98 694 296 745 dicitur
312 691 631 749 octaedron,
656 701 796 752 quae
819 693 902 739 est
925 685 1182 737 mobilior
1207 683 1430 747 quidem
1452 695 1614 745 aqua,
1630 679 1783 730 diffi-

99 768 256 819 cilius
296 779 430 818 vero
475 764 696 816 mobilis
740 764 883 826 igne.
939 760 1018 811 Ex
1061 760 1148 811 his
1191 759 1359 822 igitur
1402 756 1600 820 figuris
1647 754 1780 806 facit

98 842 487 898 ostensionem,
513 838 662 902 quod
692 838 796 889 tria
823 836 1133 887 adinvicem
1164 837 1544 897 permutentur
1571 835 1626 881 et
1639 835 1783 880 terra

35 933 78 969 ιο
99 918 203 968 hoc
231 929 342 966 non
378 915 634 978 patiatur.
678 911 806 961 Tria
840 911 1057 968 etenim,
1092 909 1198 958 hoc
1231 913 1315 958 est
1347 902 1695 970 pyramidam
1730 910 1783 954 et
1824 917 1879 956 26

100 989 399 1042 octaedron
423 995 476 1040 et
506 986 849 1043 icosaedron‚
877 998 944 1035 ex
975 983 1196 1034 scalinis
1226 982 1458 1044 trigonis
1488 980 1787 1030 consistere

99 1066 190 1123 ait,
226 1063 411 1128 kybon
451 1068 636 1113 autem
675 1074 743 1111 ex
783 1060 1016 1123 trigonis
1055 1056 1426 1120 aequilateris,
1478 1053 1785 1110 Quaecum-

101 1153 206 1202 que
238 1139 405 1202 igitur
441 1150 510 1188 ex
546 1135 768 1187 scalinis
805 1139 1060 1185 constant
1096 1132 1344 1194 trigonis,
1382 1134 1618 1194 possunt
1649 1128 1787 1178 haec

104 1213 346 1265 resoluta
371 1213 679 1273 iterumque
710 1208 939 1260 collecta
968 1207 1202 1258 invicem
1234 1205 1549 1268 permutari.
1593 1202 1788 1267 Kybon

36 1305 79 1339 15
103 1293 287 1339 autem
322 1285 625 1340 resolutum
663 1297 842 1347 neque
878 1283 933 1333 in
970 1281 1214 1345 aliquam
1251 1280 1485 1331 aliarum
1522 1279 1686 1330 trium
1723 1277 1787 1338 fi,-

102 1376 364 1426 gurarum
393 1374 559 1424 posse
593 1359 837 1411 converti
872 1356 959 1422 (ex
992 1358 1224 1420 trigonis
1257 1357 1403 1407 enim
1434 1354 1788 1417 aequilateris

104 1435 367 1493 consistit,
387 1448 416 1485 e
441 1434 640 1497 quibus
663 1432 816 1484 nulla
840 1431 1073 1483 aliarum
1099 1431 1263 1481 trium
1289 1435 1541 1480 constare
1563 1426 1787 1491 potest),

102 1523 278 1573 neque
299 1509 486 1572 aliqua
511 1509 758 1572 ipsarum
785 1508 947 1558 trium
977 1505 1285 1568 figurarum
1313 1503 1614 1566 permutari
1639 1501 1787 1553 valet

103 1586 154 1635 in
178 1584 379 1649 kybon.
418 1583 657 1634 Necesse
683 1587 768 1633 est
795 1582 962 1644 igitur
990 1586 1043 1630 et
1071 1578 1453 1643 specificantia
1476 1590 1710 1640 corpora
1736 1583 1789 1627 et
1828 1590 1881 1630 27

35 1675 81 1711 20
104 1660 316 1722 species
340 1658 478 1709 haec
509 1659 587 1708 sic
615 1657 816 1707 habere
849 1655 1175 1713 adinvicem,
1207 1659 1266 1705 ut
1296 1653 1392 1703 illa
1418 1653 1637 1703 habent.
1680 1651 1787 1702 Sed

104 1748 213 1784 non
235 1732 593 1796 impassibilis
622 1737 906 1794 permanet
933 1738 1091 1788 terra,
1121 1729 1219 1780 sed
1249 1733 1537 1791 separatur
1563 1742 1596 1786 a
1619 1728 1792 1778 tenui-

106 1807 294 1858 oribus
321 1806 659 1870 corporibus,
693 1819 803 1857 non
835 1804 1058 1868 quidem
1091 1810 1151 1855 ut
1182 1803 1515 1854 elementum
1547 1816 1792 1859 manenS,

184 1930 201 1969 l
239 1930 373 1969 lineis
407 1925 495 1977 (eis
529 1929 575 1968 in
610 1939 703 1968 ras.
738 1939 795 1967 m.
827 1931 853 1967 3
886 1929 938 1967 ut
970 1924 1083 1976 vid.)
1117 1927 1157 1967 Ρ
1287 1930 1431 1966 terrae
1465 1925 1651 1974 quidem
1686 1926 1798 1964 assi-

106 1985 293 2037 milavit]
327 1987 437 2028 Item
471 1987 656 2037 quidem
690 1987 911 2027 assimilat
943 1997 1037 2027 non
1070 1986 1104 2027 A
1260 1985 1286 2025 2
1320 1985 1518 2036 kybicon
1551 1995 1638 2034 ayo
1671 1983 1798 2035 kyni-

105 2059 195 2089 con
227 2048 266 2088 Ρ
303 2047 422 2088 kunc
454 2047 488 2088 A
523 2047 668 2087 cubos
701 2043 832 2096 (ante
866 2047 952 2087 dic.
983 2042 1213 2097 positum)
1246 2045 1284 2086 B
1421 2044 1446 2085 3
1480 2046 1526 2085 et
1558 2045 1583 2084 5
1617 2055 1673 2084 ea
1706 2044 1739 2084 A

106 2106 222 2148 3-4
254 2117 419 2157 graece
445 2106 532 2146 die.
558 2108 739 2157 transp.
765 2106 798 2147 A
923 2106 949 2146 4
981 2106 1269 2156 ycosaedron
1298 2100 1439 2154 (idem
1468 2101 1536 2154 11)
1562 2103 1601 2144 P
1630 2099 1799 2154 yrosa7

108 2165 155 2207 τό
188 2163 474 2216 (ireosedron
500 2163 560 2215 11)
593 2165 627 2206 A
661 2166 933 2216 ysostedron
966 2162 1050 2215 (id.
1077 2162 1146 2214 11)
1178 2165 1215 2205 B
1247 2176 1366 2205 corr.
1390 2163 1464 2204 Ηο
1550 2166 1618 2204 est
1650 2174 1739 2203 om.
1766 2163 1799 2203 A

166 2226 192 2266 6
226 2225 344 2267 facil’
377 2226 411 2267 A
506 2236 607 2266 eam
642 2236 762 2274 quae
793 2225 833 2265 Ρ
863 2235 983 2274 quae
1015 2221 1070 2266 ca
1087 2222 1163 2275 (=
1183 2222 1342 2274 causa)
1377 2235 1431 2264 ex
1464 2234 1584 2274 quae
1617 2219 1674 2264 ea
1705 2223 1742 2263 Β

106 2297 208 2326 eam
241 2297 331 2326 om.
363 2285 397 2326 A
521 2295 686 2335 graece
719 2281 895 2333 dicItur]
929 2288 999 2326 est
1028 2286 1067 2327 Β
1246 2284 1273 2325 8
1306 2280 1480 2334 figuris]
1515 2283 1652 2333 nugis
1683 2283 1718 2323 A

111 2345 164 2386 10
196 2342 383 2394 etenim]
418 2345 539 2385 enim
565 2345 599 2385 A
664 2344 753 2384 hoc
786 2340 870 2392 est]
906 2344 994 2385 hoc
1019 2354 1046 2384 *
1071 2346 1106 2386 A
1172 2343 1486 2396 pyramoidam
1509 2343 1547 2383 B
1673 2342 1720 2383 11
1758 2345 1804 2382 et

111 2404 164 2445 13
195 2405 382 2446 scalinis
412 2404 493 2446 PA
528 2400 772 2453 (εκαλινῶν
803 2398 898 2442 ΠΙ)
932 2399 1156 2444 (καλίνων
1188 2400 1339 2453 ΒΑΡ)
1380 2402 1579 2443 scalenis
1610 2402 1648 2443 Β
1680 2399 1802 2452 (cm-

107 2461 264 2514 ληνῶν
289 2462 341 2515 F)
429 2463 600 2504 11-12
627 2459 887 2512 consisti*(t
903 2461 1044 2515 eras.)
1070 2466 1133 2505 alt
1156 2465 1196 2504 P
1226 2462 1486 2504 consistitA
1569 2461 1622 2502 12
1648 2462 1802 2513 kybon

110 2533 196 2573 eyo
229 2525 369 2564 etiam
402 2525 486 2564 cet.
520 2524 605 2564 loc.
639 2520 710 2572 (14
742 2524 788 2563 et
821 2519 889 2571 19)
930 2533 1080 2574 cyuon
1122 2520 1226 2572 (cet.
1259 2524 1345 2563 loc.
1379 2518 1553 2572 kyuon)
1586 2521 1626 2562 Ρ
1662 2522 1802 2562 cinon

111 2580 181 2630 (14
213 2582 475 2623 kanonicon
515 2587 564 2623 19
597 2580 817 2632 kubicon)
851 2582 885 2622 A
927 2584 1080 2624 cubon
1113 2579 1428 2633 (constanter)
1461 2582 1498 2622 Β
1630 2578 1800 2630 autem]

111 2652 220 2683 vero
251 2641 290 2682 B
412 2637 654 2695 trigonlsll
692 2638 770 2690 (ex
802 2638 943 2692 eras.)
985 2653 1088 2692 aeq.
1121 2643 1155 2683 A
1342 2640 1396 2681 13
1436 2642 1644 2691 trigonlis
1676 2641 1710 2682 A

116 2701 169 2741 14
202 2701 367 2742 resolvi
397 2702 435 2742 Β
570 2702 817 2742 ininvicem
850 2701 891 2741 Ρ
1071 2702 1124 2742 15
1158 2701 1382 2742 resolutus
1414 2701 1452 2741 Β
1484 2700 1735 2751 resoluulnt
1765 2702 1799 2741 A

172 2757 390 2810 aliquam]
424 2760 558 2802 aliam
591 2761 629 2802 Β
720 2761 907 2801 aliarum
939 2763 1052 2812 post
1084 2761 1163 2812 fig,
1193 2772 1305 2812 pon.
1338 2760 1421 2801 AB
1575 2759 1629 2800 16
1663 2771 1803 2810 posse

113 2831 199 2871 eqo
233 2816 488 2871 (δύναεθαι)
522 2823 674 2870 potest
698 2820 827 2861 ΡΑΒ
902 2818 1042 2870 enim]
1077 2825 1228 2862 autem
1254 2821 1289 2862 A
1415 2820 1466 2860 17
1501 2831 1559 2861 ex
1581 2820 1617 2862 A
1692 2823 1804 2871 post

114 2880 373 2924 alianudd.
399 2878 641 2930 figurarum
666 2880 703 2921 B
778 2881 909 2927 trium
942 2891 1031 2927 om.
1056 2880 1091 2922 A
1163 2883 1308 2921 const.
1335 2882 1429 2930 pot.
1455 2882 1637 2931 transp.
1662 2880 1745 2921 AB

120 2939 172 2979 18
206 2939 358 2988 aliqua
386 2941 498 2990 post
522 2939 599 2990 ilg.
621 2951 733 2991 pon.
759 2940 841 2980 AB
966 2940 1019 2980 19
1051 2940 1336 2990 specificatio
1362 2940 1398 2980 Β
1520 2939 1575 2980 20
1609 2941 1698 2980 hoc
1723 2940 1805 2981 AB

1480 3015 1538 3055 5*
