1982 3172
124 342 179 383 30

122 1013 171 1054 31

121 1236 176 1277 32

118 1775 187 1824 25

153 1847 169 1886 1

217 130 317 179 140
579 123 835 169 NEMESII
870 123 1185 170 PREMNON
1219 124 1543 172 PHYSICON

213 264 341 314 bent
389 264 670 327 scalpendi
717 264 999 314 utilitatem
1046 269 1098 314 et
1146 266 1418 327 propriam
1462 265 1624 316 aliam
1673 267 1895 330 quidem

212 334 319 383 alii.
375 334 565 385 Multis
611 335 812 385 etenim
857 335 1177 385 animalium
1223 335 1294 384 ad
1342 335 1720 388 defensionem
1777 337 1891 388 dati

212 414 353 466 sunt,
392 415 450 459 ut
491 409 820 459 habentibus
860 423 1029 459 uncas
1070 409 1323 472 ungulas,
1363 415 1417 460 et
1457 416 1582 460 sunt
1619 411 1776 474 quasi
1811 412 1892 462 in-

212 488 575 533 strumentum
618 483 908 533 irascibilis
954 484 1140 546 partiS‚
1183 483 1370 534 multis
1412 498 1545 535 vero
1588 485 1659 535 ad
1703 485 1891 536 defen-

212 558 422 607 sionem
468 557 629 607 simul
677 563 729 608 et
774 558 1209 609 sustentaculum
1254 572 1495 621 gressus,
1539 565 1599 610 ut
1642 560 1798 622 equis
1838 566 1891 611 et
1940 577 1964 610 5

211 632 358 681 omni
402 631 626 681 animali
672 632 942 695 integram
985 632 1250 695 ungulam
1295 633 1533 691 habenti,
1575 633 1891 685 hominibus

209 719 340 756 vero
364 719 475 756 non
507 705 686 756 solum
715 706 786 755 ad
818 706 1178 769 scalpendum
1208 712 1261 757 et
1287 707 1659 758 eventandum
1683 707 1891 759 acredi-

209 794 333 829 nem
370 780 523 836 cutis‚
563 780 660 830 sed
697 781 861 831 etiam
899 781 970 830 ad
1009 781 1291 832 subtilium
1330 781 1906 844 comprehensionem.-

209 854 385 904 Valde
413 868 653 917 namque
688 854 910 905 subtilia
944 869 1064 905 cum
1099 856 1236 918 ipsis
1271 856 1519 917 capimus
1551 861 1605 907 et
1631 857 1891 907 extremis

211 928 509 991 digitorum
543 935 686 979 retro
723 930 965 991 appositi
1001 929 1332 980 confirmant
1367 935 1650 992 capturam
1685 944 1890 981 eorum.
1921 945 1963 981 10

211 1003 311 1052 Pili
337 1017 469 1054 vero
504 1003 806 1053 secundum
839 1004 1094 1054 accidens
1127 1003 1343 1054 adsunt.
1387 1003 1465 1053 Ex
1497 1004 1890 1055 fumosissimis

208 1092 446 1140 namque
470 1078 773 1140 vaporibus
803 1092 835 1127 a
866 1092 1095 1139 corpore
1126 1079 1478 1141 surgentibus
1510 1078 1889 1130 densationem

210 1152 488 1215 quandam
510 1152 931 1202 adsumentibus
960 1153 1266 1203 consistunt
1292 1152 1594 1202 secundum
1621 1152 1891 1203 accidens.

209 1226 323 1277 Nec
364 1227 467 1277 hos
513 1240 645 1276 vero
691 1227 916 1276 omnino
963 1226 1184 1277 inutiles
1231 1226 1478 1277 condidit
1521 1232 1746 1284 creator,
1790 1226 1888 1278 sed

209 1302 462 1364 quamvis
491 1301 793 1351 secundum
827 1300 1082 1351 accidens
1114 1300 1267 1358 fiant,
1301 1300 1371 1350 ad
1405 1301 1805 1363 operimentum
1835 1307 1889 1352 et
1918 1316 1960 1351 15

208 1375 672 1438 pulchritudinem
694 1374 985 1426 conferunt
1010 1374 1366 1425 animalibus:
1389 1375 1461 1425 ad
1488 1375 1888 1438 operimentum

209 1450 431 1513 quidem
463 1450 643 1513 capris
678 1455 731 1500 et
765 1450 1071 1511 pecoribus,
1107 1449 1177 1499 ad
1213 1455 1595 1500 ornamentum
1627 1463 1760 1501 vero
1789 1450 1888 1501 ho-

208 1525 447 1575 minibus
483 1530 536 1575 et
576 1524 647 1574 ad
686 1530 1068 1575 ornamentum
1108 1529 1161 1574 et
1200 1524 1601 1586 operimentum
1640 1523 1800 1575 leoni.

364 1700 480 1767 DE
530 1699 1078 1768 GENERATIVO
1129 1699 1291 1766 VEL
1340 1698 1737 1766 SEMINALI

294 1837 357 1887 Et
400 1837 780 1900 generativum
827 1850 955 1899 pars
999 1842 1082 1887 est
1125 1850 1235 1887 non
1280 1835 1626 1886 oboedientis
1671 1835 1883 1886 rationi.
1913 1849 1958 1884 20

208 1911 518 1962 Inconsulte
546 1924 785 1974 namque
818 1911 871 1960 in
906 1911 1133 1961 somniis
1168 1910 1466 1973 proicimus
1501 1924 1701 1961 semen.
1745 1909 1885 1960 Con-

284 2062 302 2102 1
340 2061 565 2111 scalpenti
597 2063 637 2103 P
697 2064 807 2103 ante
840 2062 975 2101 aliam
1009 2063 1053 2102 d.
1087 2063 1116 2101 ι’.
1150 2074 1190 2102 υ.
1221 2057 1348 2110 παρὰ
1379 2056 1557 2110 ταύτην
1678 2060 1704 2100 2
1737 2060 1829 2100 dati
1852 2060 1891 2101 Β

206 2119 300 2171 (El)
334 2122 468 2162 datae
500 2121 547 2162 M
586 2118 653 2171 (et
682 2122 772 2172 39,
813 2123 896 2162 sed
935 2123 1065 2171 apud
1104 2133 1206 2162 eum
1239 2133 1331 2162 non
1365 2131 1544 2170 ungues
1575 2121 1659 2161 sed
1689 2119 1889 2170 ungulae

205 2183 454 2230 antecedit,
479 2193 574 2232 qua
600 2192 709 2222 voce
732 2181 821 2231 Alf.
847 2183 930 2221 cet.
955 2182 1070 2221 locis
1096 2181 1258 2230 utitur,
1282 2181 1392 2230 fort.
1418 2179 1627 2230 Ungulae
1650 2210 1660 2220 .
1679 2209 1688 2220 .
1709 2209 1718 2219 .
1740 2179 1888 2225 datae,

206 2253 268 2282 an
295 2242 510 2282 mendum
537 2241 806 2291 interpretis
830 2239 1165 2281 statuendum?
1272 2240 1298 2280 3
1330 2250 1472 2280 uncas
1505 2234 1549 2287 (c
1573 2240 1621 2279 ἰη
1646 2249 1741 2280 ras.
1757 2230 1887 2287 1²¹··²)

206 2300 251 2340 M
283 2301 444 2341 unicas
469 2300 507 2340 B
609 2299 635 2339 4
666 2310 775 2340 vero
808 2311 896 2340 om.
920 2300 958 2340 Β
1072 2300 1097 2338 5
1130 2299 1510 2340 sustentationem
1538 2297 1618 2340 CB
1684 2293 1885 2348 gressus]

205 2355 361 2410 ‘gesset
387 2354 444 2401 Cl
543 2359 569 2398 6
602 2359 802 2409 integras
835 2359 1030 2408 ungulas
1054 2359 1088 2399 A
1188 2358 1212 2397 7
1245 2359 1525 2399 evittandum
1549 2357 1584 2398 A
1686 2355 1739 2396 10
1771 2355 1886 2405 digi-

205 2422 350 2459 torum
383 2431 420 2460 ε.
454 2431 494 2459 υ.
526 2420 680 2469 suppl.
714 2412 774 2459 ΑΞΒ
857 2417 1055 2467 appositi
1087 2418 1126 2458 Β
1156 2417 1398 2467 appositae
1428 2416 1488 2463 M,
1521 2417 1577 2467 cs.
1609 2417 1770 2457 adnot.
1803 2419 1829 2454 2

205 2478 444 2519 confirmat
474 2477 560 2519 AC
649 2481 835 2527 captura
866 2478 948 2518 AB
1079 2477 1127 2517 11
1165 2477 1330 2517 adsunt
1361 2476 1407 2516 M
1437 2478 1543 2516 sunt
1564 2475 1603 2515 Β
1724 2473 1776 2513 12
1807 2484 1886 2513 va-

206 2538 392 2585 poribus
426 2549 514 2578 om.
539 2538 576 2577 Β
699 2537 753 2576 14
786 2537 871 2577 hos
902 2547 1010 2577 vero
1042 2537 1082 2577 P
1112 2537 1197 2577 hos
1221 2536 1304 2577 AB
1334 2546 1387 2576 os
1420 2534 1458 2577 C
1516 2531 1615 2583 sed]
1649 2531 1759 2574 secu
1792 2531 1830 2574 C

208 2597 259 2636 17
293 2600 609 2637 ornamentum
642 2596 688 2637 M
721 2599 927 2636 ornatum
959 2597 997 2636 B
1120 2595 1173 2636 18
1205 2597 1519 2636 ornamentum
1552 2596 1598 2634 et
1629 2593 1888 2642 operimenu

204 2659 296 2696 tum
322 2656 361 2696 P
390 2659 629 2706 utrumque
662 2656 722 2702 D;
756 2657 800 2696 d.
827 2657 855 2696 ἱ.
882 2668 921 2696 υ.
946 2652 1030 2693 τιεί
1062 2651 1112 2694 δὲ
1144 2650 1278 2705 ζῲοι(
1306 2656 1420 2705 post
1449 2654 1570 2693 hom.
1603 2654 1651 2692 et
1681 2647 1745 2690 ὡ(
1775 2653 1886 2692 ante

203 2715 327 2755 leoni
511 2715 565 2755 19
603 2715 675 2756 De
706 2715 972 2765 generativo
1004 2715 1077 2754 vel
1110 2711 1175 2762 (et
1208 2711 1269 2763 C)
1301 2712 1508 2755 seminali
1540 2710 1626 2753 PC
1655 2711 1760 2752 *⁴⁶19
1788 2711 1885 2763 fere

203 2775 293 2814 litt.
325 2775 363 2814 Β
394 2786 482 2814 om.
514 2774 549 2815 A
583 2786 729 2825 aeque
761 2785 818 2814 ac
851 2779 912 2823 72,
931 2778 983 2814 16
1116 2773 1171 2813 20
1204 2773 1258 2813 Et
1288 2772 1335 2813 M
1364 2781 1392 2810 τ
1423 2768 1645 2822 (priorem
1678 2772 1883 2811 litteram

204 2844 307 2882 om„
341 2834 398 2874 de
429 2845 524 2883 qua
556 2834 612 2884 cf.
638 2835 748 2874 adn.
775 2838 836 2882 15,
854 2830 923 2883 17)
947 2833 1010 2881 B,·
1040 2833 1151 2883 fort.
1178 2831 1233 2872 Et
1263 2842 1418 2882 gener.
1443 2824 1638 2883 (vero),
1670 2830 1726 2880 cf.
1753 2832 1884 2877 78,24

264 2891 312 2931 21
351 2889 478 2931 sonis
511 2893 549 2932 Ρ
578 2893 752 2932 somnis
788 2891 824 2933 C
853 2888 1014 2941 sob‘nis
1046 2891 1080 2932 A
1203 2891 1380 2932 semina
1410 2890 1446 2931 B
1552 2889 1882 2937 concupiscen-

204 2951 309 2991 tiam
346 2950 381 2991 C
892 2962 903 2970 ·
