1982 3172
351 107 435 155 DE
467 103 1066 153 DELECTATIONIBUS
1102 102 1239 149 CAP.
1267 101 1417 148 xv111
1675 109 1746 158 99

56 247 506 310 complectuntur,
534 258 672 307 quas
705 242 1022 306 ponendum
1055 240 1358 291 secundum
1392 239 1625 302 primam
1658 252 1741 287 ra-

53 323 259 374 tionem
303 321 358 371 in
404 319 696 383 religiosis,
738 331 850 368 non
897 322 956 368 ut
1001 315 1322 379 simpliciter
1367 315 1476 365 sint
1517 326 1618 363 nec
1668 312 1740 362 ad

55 395 490 461 permanentiam
533 393 768 457 generis,
814 391 912 443 sed
957 396 1018 442 ut
1061 390 1201 441 bene
1247 390 1355 440 sint
1397 394 1453 439 et
1493 386 1740 450 religiosi

56 471 163 522 sint
199 475 254 521 et
295 468 383 520 dei
422 468 583 519 amici
625 466 987 524 conferenteS,
1026 466 1194 516 etiam
1233 463 1306 514 ad
1345 462 1741 527 perfectionem

13 560 36 597 5
56 544 295 595 hominis
318 542 622 594 secundum
651 542 892 592 animam
918 546 973 591 et
1002 538 1448 596 rationalitatem,
1478 550 1618 600 quae
1645 549 1747 587 nec

21 679 24 686 Ι
57 619 368 670 curationes
390 617 700 681 aliquarum
730 616 1054 679 passionum
1084 614 1206 672 sint,
1236 619 1296 664 ut
1325 626 1466 676 quae
1494 611 1744 674 indigen-

55 694 164 745 tiae
201 699 328 744 sunt
367 691 667 756 repletivae
702 696 758 742 et
797 689 938 753 quae‘
975 703 1076 740 nec
1113 689 1338 739 omnino
1373 686 1743 738 afflictionem

55 767 260 818 habent
281 766 701 831 praecedentem
725 764 815 816 vel
841 769 1269 827 consequentem
1294 761 1383 813 vel
1411 761 1745 824 oppositam,

59 842 156 893 sed
181 847 308 892 sunt
336 841 577 891 mundae
603 846 658 891 et
687 852 858 903 purae
887 839 1037 889 omni
1065 837 1336 889 materiali
1362 835 1746 898 complexione

0 931 36 968 ιο
57 915 325 967 animales
367 914 720 966 solummodo
778 914 1095 964 existentes,
1149 910 1465 963 Secundum
1509 910 1747 961 Plato·
1787 921 1833 960 11

56 1004 203 1041 nem
242 1003 481 1053 namque
540 988 967 1039 delectationum
1021 987 1166 1038 aliae
1210 986 1432 1049 quidem
1476 991 1603 1036 sunt
1645 984 1747 1035 fal-

58 1065 220 1124 laces,
260 1064 404 1115 aliae
444 1070 629 1115 autem
670 1076 911 1114 veraces
967 1061 1213 1112 Fallaces
1257 1066 1399 1119 sunt,
1443 1074 1583 1123 quae
1624 1073 1747 1110 cum

60 1139 424 1191 sensibilitate
443 1138 587 1189 fiunt
611 1144 667 1189 et
691 1137 872 1202 gloria
897 1150 1008 1188 non
1034 1150 1168 1187 vera
1192 1141 1247 1187 et
1269 1135 1578 1186 afflictione
1603 1148 1749 1185 com-

60 1214 281 1278 plexae;
320 1227 548 1265 veraces
591 1218 793 1271 autern,
838 1225 979 1275 quae
1024 1217 1152 1262 sunt
1196 1210 1371 1261 solius
1415 1210 1592 1272 ipsius
1634 1210 1749 1260 ani-

0 1304 38 1342 15
60 1302 182 1339 mae
220 1287 523 1339 secundum
565 1301 624 1339 se
662 1288 841 1351 ipsam
883 1300 1006 1337 curn
1047 1284 1342 1348 disciplina
1377 1290 1432 1336 et
1468 1283 1749 1336 intellectu

60 1369 114 1415 et
153 1363 426 1427 sapientia
465 1362 708 1413 mundae
744 1366 800 1413 et
841 1375 1012 1424 purae
1053 1360 1378 1418 afflictione,
1421 1373 1559 1423 quas
1596 1358 1751 1409 nulla

62 1437 399 1501 paenitentia
441 1436 794 1500 consequitur
838 1449 1098 1499 unquam.
1151 1434 1367 1486 Vocant
1409 1439 1595 1485 autem
1640 1447 1750 1492 eaS,
1789 1450 1842 1491 12

63 1526 202 1575 quae
239 1512 569 1563 comitantur
609 1510 1132 1574 contemplationem
1168 1515 1224 1560 et
1262 1509 1411 1560 bona
1449 1522 1620 1572 opera
1659 1508 1751 1559 de-

62 1586 399 1644 lectationes,
418 1599 529 1636 non
555 1587 861 1649 passioneS,
887 1584 984 1636 sed
1010 1585 1272 1635 actiones.
1310 1583 1551 1640 Quidam
1566 1589 1750 1634 autem

0 1661 283 1724 improprie
317 1661 486 1712 talem
529 1660 950 1712 delectationem
990 1659 1258 1723 gaudium
1300 1658 1504 1710 dicunt.
1634 1658 1752 1708 Dif-
1791 1676 1843 1716 13

63 1735 265 1786 finiunt
305 1749 439 1787 vero
486 1735 907 1786 delectationem
951 1734 1366 1797 generationem
1410 1747 1534 1784 esse
1580 1734 1752 1784 sensi·

62 1809 229 1861 bilem
255 1810 311 1860 in
342 1815 612 1861 naturam.
655 1809 764 1860 Sed
795 1809 1017 1860 videtur
1047 1808 1185 1860 haec
1215 1808 1483 1859 diffinitio
1512 1821 1636 1859 esse
1665 1821 1752 1858 so-
1791 1825 1844 1865 14

62 1883 170 1934 lius
191 1883 494 1947 corporalis
521 1883 919 1942 delectationis,
942 1883 1080 1934 haec
1103 1897 1342 1946 namque
1366 1888 1451 1934 est
1477 1882 1750 1946 quaedam

64 1958 295 2022 repletio
337 1964 392 2009 et
434 1958 897 2009 medicamentum
942 1957 1246 2021 corporalis
1306 1957 1644 2021 indigentiae
1699 1963 1752 2008 et

0 2049 41 2085 2⁵
63 2032 389 2084 afflictionis
427 2038 652 2096 propter
691 2032 1053 2096 indigentiam
1091 2032 1345 2084 effectae.
1399 2032 1751 2096 Rigescentes
1793 2049 1844 2088 15

65 2108 210 2158 enim
253 2106 343 2158 vel
391 2108 638 2158 sitientes
682 2107 881 2170 rigoris
927 2113 981 2158 et
1027 2108 1146 2159 sitis
1193 2112 1446 2158 curantes
1490 2106 1752 2157 afflictio-

64 2182 268 2232 nemin
295 2181 671 2232 calefaciendo
696 2187 751 2232 et
777 2181 1018 2233 bibendo
1047 2182 1399 2234 delectamur.
1438 2181 1753 2232 Secundum

139 2408 165 2448 2
197 2419 292 2449 non
323 2412 373 2449 ut
404 2410 586 2459 transp.
613 2408 645 2448 A
770 2407 797 2448 4
830 2409 921 2448 sint
952 2411 998 2449 et
1030 2409 1104 2449 dei
1137 2406 1289 2457 amici]
1324 2412 1369 2450 et
1401 2408 1537 2448 amici
1562 2408 1637 2448 dei
1661 2408 1696 2448 A

66 2468 91 2507 5
124 2468 523 2509 rationabilitatem
555 2467 593 2507 Β
700 2479 790 2517 que
822 2479 878 2508 ex
909 2464 1000 2517 que
1031 2461 1144 2509 P²-³
1324 2468 1351 2508 6
1383 2468 1666 2508 curationem
1699 2461 1758 2507 P¹

65 2538 184 2568 corr.
202 2520 262 2568 1³²
367 2527 392 2567 7
425 2530 532 2567 sunt
562 2528 707 2568 om.B
814 2526 840 2567 8
871 2521 968 2568 vel¹
999 2539 1089 2568 om.
1107 2522 1167 2569 Ρ1
1198 2528 1354 2578 suppl.
1372 2520 1485 2568 P²-⁸
1591 2526 1618 2566 9
1650 2530 1758 2567 sunt

66 2586 266 2627 mundae
297 2589 343 2628 et
374 2583 531 2636 purae]
567 2598 707 2636 purae
739 2589 786 2627 et
817 2587 1017 2628 mundae
1048 2587 1086 2628 Β
1192 2583 1534 2636 complexione]
1569 2586 1757 2636 copula-

67 2646 194 2686 tlone
224 2646 262 2686 B
414 2645 463 2686 11
500 2646 686 2696 quidem
720 2657 810 2686 om.
834 2646 873 2687 Β
996 2646 1235 2687 12.autem
1268 2647 1308 2688 P
1336 2657 1445 2687 vero
1478 2646 1515 2686 Β
1546 2657 1636 2687 om.
1662 2646 1695 2687 A

70 2704 123 2745 14
155 2707 261 2744 sunt
288 2707 402 2756 post
431 2708 584 2746 autem
613 2717 726 2758 pon.
758 2705 793 2747 A
827 2717 917 2746 om,
948 2705 987 2746 Β
1125 2706 1179 2746 16
1213 2717 1349 2756 quam
1382 2706 1420 2746 Β
1543 2705 1595 2745 17
1630 2716 1757 2746 cons,

66 2775 269 2814 unquam
302 2766 484 2815 transp.
516 2764 550 2805 A
782 2764 836 2805 18
868 2765 1143 2805 comitantur
1171 2765 1244 2805 Ηο
1278 2766 1510 2805 imitantur
1540 2764 1670 2806 ΡΑΒ

69 2822 124 2864 20
155 2824 292 2874 gaud.
325 2824 413 2864 dic.
445 2826 628 2876 transp.
660 2825 694 2866 A
879 2823 934 2864 22
966 2827 1126 2865 natura
1157 2825 1191 2865 A
1313 2825 1425 2865 solis
1458 2819 1517 2865 Ρι
1549 2836 1668 2866 corr.
1700 2818 1761 2865 ΡΞ

128 2881 184 2923 23
216 2893 340 2932 corp.
373 2883 461 2924 del.
494 2885 676 2936 transp.
710 2885 744 2925 A
809 2884 1144 2925 delectationes
1178 2878 1237 2925 Ρι
1268 2896 1388 2926 corr.
1421 2878 1481 2925 1³²
1542 2885 1632 2925 hoc
1663 2885 1700 2924 Β

69 2952 268 2992 namque
300 2946 369 2983 est
402 2945 582 2994 transp.
617 2944 699 2984 AB
835 2943 891 2983 26
922 2940 1012 2992 vel]
1048 2947 1093 2984 et
1124 2944 1160 2984 Β
1298 2945 1350 2985 27
1386 2944 1690 2985 caleficiendo
1724 2945 1759 2984 Β

1437 3019 1494 3061 7*
