<?xml version="1.0" encoding="UTF-8"?>
<!DOCTYPE html PUBLIC "-//W3C//DTD XHTML 1.0 Transitional//EN"
    "http://www.w3.org/TR/xhtml1/DTD/xhtml1-transitional.dtd">
<html xmlns="http://www.w3.org/1999/xhtml" xml:lang="en" lang="en">
 <head>
  <title>
</title>
<meta http-equiv="Content-Type" content="text/html;charset=utf-8" />
  <meta name='ocr-system' content='tesseract 3.04.00' />
  <meta name='ocr-capabilities' content='ocr_page ocr_carea ocr_par ocr_line ocrx_word'/>
</head>
<body>
  <div class='ocr_page' id='page_1' title='image "./nemesiiepiscopip00nemeuoft_0140.png"; bbox 0 0 1982 3172; ppageno 0'>
   <div class='ocr_carea' id='block_1_1' title="bbox 234 109 1557 164">
    <p class='ocr_par' dir='ltr' id='par_1_1' title="bbox 234 109 1557 164">
     <span class='ocr_line' id='line_1_1' title="bbox 234 109 1557 164; baseline 0.002 -8"><span class='ocrx_word' id='word_1_1' title='bbox 234 116 332 164; x_wconf 85' lang='lat'><strong>124</strong></span> <span class='ocrx_word' id='word_1_2' title='bbox 594 109 850 155; x_wconf 88' lang='lat' dir='ltr'>NEMESII</span> <span class='ocrx_word' id='word_1_3' title='bbox 884 109 1200 157; x_wconf 87' lang='lat' dir='ltr'>PREMNON</span> <span class='ocrx_word' id='word_1_4' title='bbox 1233 109 1557 158; x_wconf 86' lang='lat' dir='ltr'>PHYSICON</span> 
     </span>
    </p>
   </div>
   <div class='ocr_carea' id='block_1_2' title="bbox 143 245 1982 904">
    <p class='ocr_par' dir='ltr' id='par_1_2' title="bbox 144 245 1982 310">
     <span class='ocr_line' id='line_1_2' title="bbox 144 245 1982 310; baseline 0.003 -15"><span class='ocrx_word' id='word_1_5' title='bbox 144 255 194 295; x_wconf 90' lang='lat'><strong>17</strong></span> <span class='ocrx_word' id='word_1_6' title='bbox 229 245 358 295; x_wconf 90' lang='lat' dir='ltr'><strong>citer</strong></span> <span class='ocrx_word' id='word_1_7' title='bbox 402 245 583 296; x_wconf 81' lang='lat' dir='ltr'><strong>facere</strong></span> <span class='ocrx_word' id='word_1_8' title='bbox 627 252 681 297; x_wconf 90' lang='lat' dir='ltr'><strong>et</strong></span> <span class='ocrx_word' id='word_1_9' title='bbox 722 255 834 297; x_wconf 89' lang='lat' dir='ltr'><strong>non</strong></span> <span class='ocrx_word' id='word_1_10' title='bbox 880 245 1075 297; x_wconf 80' lang='lat' dir='ltr'><strong>facere.</strong></span> <span class='ocrx_word' id='word_1_11' title='bbox 1132 245 1212 296; x_wconf 93' lang='lat' dir='ltr'><strong>De</strong></span> <span class='ocrx_word' id='word_1_12' title='bbox 1255 247 1341 297; x_wconf 92' lang='lat' dir='ltr'><strong>his</strong></span> <span class='ocrx_word' id='word_1_13' title='bbox 1382 247 1548 310; x_wconf 86' lang='lat' dir='ltr'><strong>igitur</strong></span> <span class='ocrx_word' id='word_1_14' title='bbox 1587 248 1907 301; x_wconf 88' lang='lat' dir='ltr'><strong>utrumlibet</strong></span> <span class='ocrx_word' id='word_1_15' title='bbox 1978 251 1982 254; x_wconf 53' lang='lat'><strong>⁴</strong></span> 
     </span>
    </p>

    <p class='ocr_par' dir='ltr' id='par_1_3' title="bbox 143 320 1982 904">
     <span class='ocr_line' id='line_1_3' title="bbox 143 320 1982 383; baseline 0.002 -14"><span class='ocrx_word' id='word_1_16' title='bbox 143 328 195 370; x_wconf 85' lang='lat'><strong>18</strong></span> <span class='ocrx_word' id='word_1_17' title='bbox 227 320 671 383; x_wconf 89' lang='lat' dir='ltr'><strong>contingentibus</strong></span> <span class='ocrx_word' id='word_1_18' title='bbox 714 321 1082 371; x_wconf 82' lang='lat' dir='ltr'><strong>consiliamur.</strong></span> <span class='ocrx_word' id='word_1_19' title='bbox 1136 321 1467 372; x_wconf 79' lang='lat' dir='ltr'>Utrumlibet</span> <span class='ocrx_word' id='word_1_20' title='bbox 1515 336 1648 373; x_wconf 88' lang='lat' dir='ltr'><strong>vero</strong></span> <span class='ocrx_word' id='word_1_21' title='bbox 1691 328 1775 374; x_wconf 92' lang='lat' dir='ltr'><strong>est</strong></span> <span class='ocrx_word' id='word_1_22' title='bbox 1816 323 1904 375; x_wconf 92' lang='lat' dir='ltr'><strong>vel</strong></span> <span class='ocrx_word' id='word_1_23' title='bbox 1979 324 1982 325; x_wconf 71' lang='grc'>’</span> 
     </span>
     <span class='ocr_line' id='line_1_4' title="bbox 225 394 1982 461; baseline 0.003 -17"><span class='ocrx_word' id='word_1_24' title='bbox 225 394 527 457; x_wconf 89' lang='lat' dir='ltr'><strong>aequaliter</strong></span> <span class='ocrx_word' id='word_1_25' title='bbox 561 394 899 458; x_wconf 88' lang='lat' dir='ltr'><strong>contingens,</strong></span> <span class='ocrx_word' id='word_1_26' title='bbox 938 394 1087 458; x_wconf 93' lang='lat' dir='ltr'><strong>quod</strong></span> <span class='ocrx_word' id='word_1_27' title='bbox 1124 395 1269 445; x_wconf 91' lang='lat' dir='ltr'><strong>idem</strong></span> <span class='ocrx_word' id='word_1_28' title='bbox 1307 410 1606 459; x_wconf 91' lang='lat' dir='ltr'><strong>possumus</strong></span> <span class='ocrx_word' id='word_1_29' title='bbox 1639 403 1695 448; x_wconf 93' lang='lat' dir='ltr'><strong>et</strong></span> <span class='ocrx_word' id='word_1_30' title='bbox 1725 411 1904 461; x_wconf 89' lang='lat' dir='ltr'><strong>oppo-</strong></span> <span class='ocrx_word' id='word_1_31' title='bbox 1980 399 1982 402; x_wconf 82' lang='grc'><strong>’</strong></span> 
     </span>
     <span class='ocr_line' id='line_1_5' title="bbox 227 467 1904 532; baseline 0.002 -13"><span class='ocrx_word' id='word_1_32' title='bbox 227 468 391 519; x_wconf 91' lang='lat' dir='ltr'><strong>situm</strong></span> <span class='ocrx_word' id='word_1_33' title='bbox 430 469 493 519; x_wconf 90' lang='lat' dir='ltr'><strong>ei.</strong></span> <span class='ocrx_word' id='word_1_34' title='bbox 546 467 603 518; x_wconf 91' lang='lat' dir='ltr'><strong>Si</strong></span> <span class='ocrx_word' id='word_1_35' title='bbox 640 469 786 519; x_wconf 89' lang='lat' dir='ltr'><strong>enim</strong></span> <span class='ocrx_word' id='word_1_36' title='bbox 826 483 937 520; x_wconf 91' lang='lat' dir='ltr'><strong>non</strong></span> <span class='ocrx_word' id='word_1_37' title='bbox 977 474 1208 532; x_wconf 90' lang='lat' dir='ltr'><strong>utraque</strong></span> <span class='ocrx_word' id='word_1_38' title='bbox 1250 483 1540 532; x_wconf 84' lang='lat' dir='ltr'><strong>possemus</strong></span> <span class='ocrx_word' id='word_1_39' title='bbox 1575 476 1631 522; x_wconf 91' lang='lat' dir='ltr'><strong>et</strong></span> <span class='ocrx_word' id='word_1_40' title='bbox 1664 471 1810 526; x_wconf 88' lang='lat' dir='ltr'><strong>idem</strong></span> <span class='ocrx_word' id='word_1_41' title='bbox 1851 478 1904 523; x_wconf 89' lang='lat' dir='ltr'><strong>et</strong></span> 
     </span>
     <span class='ocr_line' id='line_1_6' title="bbox 225 543 1982 606; baseline -0.001 -13"><span class='ocrx_word' id='word_1_42' title='bbox 225 543 560 605; x_wconf 87' lang='lat' dir='ltr'><strong>oppositum,</strong></span> <span class='ocrx_word' id='word_1_43' title='bbox 602 557 953 606; x_wconf 84' lang='lat' dir='ltr'>nequaquam</span> <span class='ocrx_word' id='word_1_44' title='bbox 999 544 1427 595; x_wconf 88' lang='lat' dir='ltr'><strong>consiliaremur.</strong></span> <span class='ocrx_word' id='word_1_45' title='bbox 1482 544 1623 595; x_wconf 91' lang='lat' dir='ltr'><strong>Nam</strong></span> <span class='ocrx_word' id='word_1_46' title='bbox 1680 559 1782 597; x_wconf 90' lang='lat' dir='ltr'><strong>nec</strong></span> <span class='ocrx_word' id='word_1_47' title='bbox 1834 546 1902 596; x_wconf 93' lang='lat' dir='ltr'><strong>de</strong></span> <span class='ocrx_word' id='word_1_48' title='bbox 1939 564 1982 592; x_wconf 53' lang='grc' dir='ltr'><strong>ιε</strong></span> 
     </span>
     <span class='ocr_line' id='line_1_7' title="bbox 223 616 1982 681; baseline 0.007 -16"><span class='ocrx_word' id='word_1_49' title='bbox 223 616 531 667; x_wconf 79' lang='lat' dir='ltr'><strong>manifestis</strong></span> <span class='ocrx_word' id='word_1_50' title='bbox 564 630 665 667; x_wconf 88' lang='lat' dir='ltr'><strong>nec</strong></span> <span class='ocrx_word' id='word_1_51' title='bbox 700 617 770 667; x_wconf 89' lang='lat' dir='ltr'><strong>de</strong></span> <span class='ocrx_word' id='word_1_52' title='bbox 803 618 1240 680; x_wconf 93' lang='lat' dir='ltr'><strong>impossibilibus</strong></span> <span class='ocrx_word' id='word_1_53' title='bbox 1277 619 1399 681; x_wconf 87' lang='lat' dir='ltr'><strong>quis</strong></span> <span class='ocrx_word' id='word_1_54' title='bbox 1441 623 1767 674; x_wconf 85' lang='lat' dir='ltr'><strong>consiliatur.</strong></span> <span class='ocrx_word' id='word_1_55' title='bbox 1818 623 1908 675; x_wconf 89' lang='lat' dir='ltr'><strong>Sic</strong></span> <span class='ocrx_word' id='word_1_56' title='bbox 1977 629 1982 634; x_wconf 81' lang='grc'><em>”</em></span> 
     </span>
     <span class='ocr_line' id='line_1_8' title="bbox 224 690 1904 756; baseline 0.003 -16"><span class='ocrx_word' id='word_1_57' title='bbox 224 696 423 748; x_wconf 91' lang='lat' dir='ltr'><strong>autem,</strong></span> <span class='ocrx_word' id='word_1_58' title='bbox 469 691 513 741; x_wconf 91' lang='lat' dir='ltr'><strong>si</strong></span> <span class='ocrx_word' id='word_1_59' title='bbox 559 690 791 742; x_wconf 91' lang='lat' dir='ltr'><strong>alterum</strong></span> <span class='ocrx_word' id='word_1_60' title='bbox 837 691 1017 742; x_wconf 93' lang='lat' dir='ltr'><strong>solum</strong></span> <span class='ocrx_word' id='word_1_61' title='bbox 1062 693 1448 755; x_wconf 92' lang='lat' dir='ltr'><strong>oppositorum</strong></span> <span class='ocrx_word' id='word_1_62' title='bbox 1494 706 1807 756; x_wconf 84' lang='lat' dir='ltr'><strong>possumus,</strong></span> <span class='ocrx_word' id='word_1_63' title='bbox 1850 699 1904 745; x_wconf 88' lang='lat' dir='ltr'><strong>et</strong></span> 
     </span>
     <span class='ocr_line' id='line_1_9' title="bbox 225 765 1901 830; baseline 0.003 -16"><span class='ocrx_word' id='word_1_64' title='bbox 225 765 328 815; x_wconf 91' lang='lat' dir='ltr'><strong>hoc</strong></span> <span class='ocrx_word' id='word_1_65' title='bbox 368 765 590 828; x_wconf 89' lang='lat' dir='ltr'><strong>quidem</strong></span> <span class='ocrx_word' id='word_1_66' title='bbox 634 771 750 816; x_wconf 89' lang='lat' dir='ltr'><strong>erat</strong></span> <span class='ocrx_word' id='word_1_67' title='bbox 791 766 1145 818; x_wconf 81' lang='lat' dir='ltr'><strong>manifestum</strong></span> <span class='ocrx_word' id='word_1_68' title='bbox 1188 773 1242 817; x_wconf 93' lang='lat' dir='ltr'><strong>et</strong></span> <span class='ocrx_word' id='word_1_69' title='bbox 1283 781 1631 830; x_wconf 85' lang='lat' dir='ltr'><strong>nequaquam</strong></span> <span class='ocrx_word' id='word_1_70' title='bbox 1674 767 1901 819; x_wconf 92' lang='lat' dir='ltr'><strong>dubium</strong></span> 
     </span>
     <span class='ocr_line' id='line_1_10' title="bbox 225 840 1324 904; baseline 0.003 -15"><span class='ocrx_word' id='word_1_71' title='bbox 225 840 543 901; x_wconf 92' lang='lat' dir='ltr'><strong>oppositum</strong></span> <span class='ocrx_word' id='word_1_72' title='bbox 583 846 767 891; x_wconf 89' lang='lat' dir='ltr'><strong>autem</strong></span> <span class='ocrx_word' id='word_1_73' title='bbox 809 841 927 891; x_wconf 89' lang='lat' dir='ltr'><strong>eius</strong></span> <span class='ocrx_word' id='word_1_74' title='bbox 966 841 1324 904; x_wconf 90' lang='lat' dir='ltr'><strong>impossibile.</strong></span> 
     </span>
    </p>
   </div>
   <div class='ocr_carea' id='block_1_3' title="bbox 132 1031 1962 1245">
    <p class='ocr_par' dir='ltr' id='par_1_4' title="bbox 132 1031 1962 1245">
     <span class='ocr_line' id='line_1_11' title="bbox 332 1031 1962 1115; baseline 0 -16"><span class='ocrx_word' id='word_1_75' title='bbox 332 1031 448 1099; x_wconf 91' lang='lat' dir='ltr'><strong>DE</strong></span> <span class='ocrx_word' id='word_1_76' title='bbox 497 1031 615 1100; x_wconf 89' lang='lat' dir='ltr'><strong>EO</strong></span> <span class='ocrx_word' id='word_1_77' title='bbox 667 1031 921 1115; x_wconf 80' lang='lat' dir='ltr'>QUOD</span> <span class='ocrx_word' id='word_1_78' title='bbox 970 1033 1049 1100; x_wconf 87' lang='lat' dir='ltr'><strong>1N</strong></span> <span class='ocrx_word' id='word_1_79' title='bbox 1096 1032 1357 1100; x_wconf 87' lang='lat' dir='ltr'>NOBIS</span> <span class='ocrx_word' id='word_1_80' title='bbox 1406 1032 1594 1101; x_wconf 91' lang='lat' dir='ltr'><strong>HOC</strong></span> <span class='ocrx_word' id='word_1_81' title='bbox 1642 1032 1801 1101; x_wconf 87' lang='lat' dir='ltr'><strong>EST</strong></span> <span class='ocrx_word' id='word_1_82' title='bbox 1930 1063 1962 1099; x_wconf 72' lang='grc' dir='ltr'><strong>ι(</strong></span> 
     </span>
     <span class='ocr_line' id='line_1_12' title="bbox 132 1121 1524 1245; baseline 0.001 -59"><span class='ocrx_word' id='word_1_83' title='bbox 132 1196 200 1245; x_wconf 85' lang='lat'><strong>39</strong></span> <span class='ocrx_word' id='word_1_84' title='bbox 606 1121 722 1188; x_wconf 90' lang='lat' dir='ltr'><strong>DE</strong></span> <span class='ocrx_word' id='word_1_85' title='bbox 771 1121 1082 1189; x_wconf 87' lang='lat' dir='ltr'>LIBERO</span> <span class='ocrx_word' id='word_1_86' title='bbox 1132 1122 1524 1189; x_wconf 74' lang='lat' dir='ltr'><strong>ARBITRIO</strong></span> 
     </span>
    </p>
   </div>
   <div class='ocr_carea' id='block_1_4' title="bbox 156 1257 1980 2360">
    <p class='ocr_par' dir='ltr' id='par_1_5' title="bbox 167 1257 1968 1618">
     <span class='ocr_line' id='line_1_13' title="bbox 167 1257 1899 1322; baseline 0.002 -15"><span class='ocrx_word' id='word_1_87' title='bbox 167 1267 183 1307; x_wconf 92' lang='lat'>1</span> <span class='ocrx_word' id='word_1_88' title='bbox 289 1257 443 1308; x_wconf 84' lang='lat' dir='ltr'><strong>Ratio</strong></span> <span class='ocrx_word' id='word_1_89' title='bbox 469 1258 536 1308; x_wconf 91' lang='lat' dir='ltr'><strong>de</strong></span> <span class='ocrx_word' id='word_1_90' title='bbox 565 1258 736 1308; x_wconf 91' lang='lat' dir='ltr'><strong>libero</strong></span> <span class='ocrx_word' id='word_1_91' title='bbox 764 1258 1005 1315; x_wconf 87' lang='lat' dir='ltr'><strong>arbitrio,</strong></span> <span class='ocrx_word' id='word_1_92' title='bbox 1034 1258 1140 1309; x_wconf 91' lang='lat' dir='ltr'><strong>hoc</strong></span> <span class='ocrx_word' id='word_1_93' title='bbox 1165 1264 1248 1309; x_wconf 89' lang='lat' dir='ltr'><strong>est</strong></span> <span class='ocrx_word' id='word_1_94' title='bbox 1275 1258 1343 1309; x_wconf 91' lang='lat' dir='ltr'><strong>de</strong></span> <span class='ocrx_word' id='word_1_95' title='bbox 1366 1272 1448 1316; x_wconf 92' lang='lat' dir='ltr'><strong>eo,</strong></span> <span class='ocrx_word' id='word_1_96' title='bbox 1472 1258 1621 1322; x_wconf 90' lang='lat' dir='ltr'><strong>quod</strong></span> <span class='ocrx_word' id='word_1_97' title='bbox 1647 1259 1704 1309; x_wconf 89' lang='lat' dir='ltr'><strong>in</strong></span> <span class='ocrx_word' id='word_1_98' title='bbox 1724 1259 1899 1317; x_wconf 90' lang='lat' dir='ltr'><strong>nobis,</strong></span> 
     </span>
     <span class='ocr_line' id='line_1_14' title="bbox 223 1332 1899 1396; baseline 0.001 -14"><span class='ocrx_word' id='word_1_99' title='bbox 223 1333 454 1395; x_wconf 87' lang='lat' dir='ltr'><strong>primam</strong></span> <span class='ocrx_word' id='word_1_100' title='bbox 511 1332 676 1383; x_wconf 91' lang='lat' dir='ltr'><strong>habet</strong></span> <span class='ocrx_word' id='word_1_101' title='bbox 736 1333 1131 1396; x_wconf 90' lang='lat' dir='ltr'><strong>quaestionem,</strong></span> <span class='ocrx_word' id='word_1_102' title='bbox 1190 1333 1235 1383; x_wconf 92' lang='lat' dir='ltr'><strong>si</strong></span> <span class='ocrx_word' id='word_1_103' title='bbox 1281 1333 1350 1384; x_wconf 94' lang='lat' dir='ltr'><strong>sit</strong></span> <span class='ocrx_word' id='word_1_104' title='bbox 1392 1332 1600 1396; x_wconf 92' lang='lat' dir='ltr'><strong>aliquid</strong></span> <span class='ocrx_word' id='word_1_105' title='bbox 1644 1333 1699 1384; x_wconf 91' lang='lat' dir='ltr'><strong>in</strong></span> <span class='ocrx_word' id='word_1_106' title='bbox 1738 1333 1899 1384; x_wconf 92' lang='lat' dir='ltr'><strong>nobis</strong></span> 
     </span>
     <span class='ocr_line' id='line_1_15' title="bbox 223 1404 1900 1471; baseline 0.001 -15"><span class='ocrx_word' id='word_1_107' title='bbox 223 1405 401 1469; x_wconf 91' lang='lat' dir='ltr'><strong>(multi</strong></span> <span class='ocrx_word' id='word_1_108' title='bbox 423 1421 663 1469; x_wconf 90' lang='lat' dir='ltr'><strong>namque</strong></span> <span class='ocrx_word' id='word_1_109' title='bbox 690 1407 798 1457; x_wconf 93' lang='lat' dir='ltr'><strong>hoc</strong></span> <span class='ocrx_word' id='word_1_110' title='bbox 823 1404 1225 1470; x_wconf 90' lang='lat' dir='ltr'><strong>contradicunt)</strong></span> <span class='ocrx_word' id='word_1_111' title='bbox 1257 1407 1555 1458; x_wconf 91' lang='lat' dir='ltr'><strong>secundam</strong></span> <span class='ocrx_word' id='word_1_112' title='bbox 1582 1421 1731 1466; x_wconf 81' lang='lat' dir='ltr'><strong>vern,</strong></span> <span class='ocrx_word' id='word_1_113' title='bbox 1760 1421 1900 1471; x_wconf 87' lang='lat' dir='ltr'><strong>quae</strong></span> 
     </span>
     <span class='ocr_line' id='line_1_16' title="bbox 221 1481 1968 1544; baseline -0.001 -13"><span class='ocrx_word' id='word_1_114' title='bbox 221 1481 342 1539; x_wconf 90' lang='lat' dir='ltr'><strong>sint,</strong></span> <span class='ocrx_word' id='word_1_115' title='bbox 384 1495 525 1544; x_wconf 91' lang='lat' dir='ltr'><strong>quae</strong></span> <span class='ocrx_word' id='word_1_116' title='bbox 567 1482 620 1530; x_wconf 93' lang='lat' dir='ltr'><strong>in</strong></span> <span class='ocrx_word' id='word_1_117' title='bbox 660 1481 821 1531; x_wconf 91' lang='lat' dir='ltr'><strong>nobis</strong></span> <span class='ocrx_word' id='word_1_118' title='bbox 864 1487 917 1531; x_wconf 92' lang='lat' dir='ltr'><strong>et</strong></span> <span class='ocrx_word' id='word_1_119' title='bbox 959 1495 1192 1544; x_wconf 91' lang='lat' dir='ltr'><strong>quorum</strong></span> <span class='ocrx_word' id='word_1_120' title='bbox 1235 1486 1564 1543; x_wconf 88' lang='lat' dir='ltr'><strong>potestatem</strong></span> <span class='ocrx_word' id='word_1_121' title='bbox 1603 1481 1896 1539; x_wconf 82' lang='lat' dir='ltr'><strong>habemus:</strong></span> <span class='ocrx_word' id='word_1_122' title='bbox 1926 1493 1968 1529; x_wconf 89' lang='lat'><strong>15</strong></span> 
     </span>
     <span class='ocr_line' id='line_1_17' title="bbox 219 1555 1896 1618; baseline 0.001 -13"><span class='ocrx_word' id='word_1_123' title='bbox 219 1556 450 1613; x_wconf 84' lang='lat' dir='ltr'><strong>tertiam,</strong></span> <span class='ocrx_word' id='word_1_124' title='bbox 491 1569 713 1606; x_wconf 90' lang='lat' dir='ltr'><strong>causam</strong></span> <span class='ocrx_word' id='word_1_125' title='bbox 757 1569 1032 1618; x_wconf 89' lang='lat' dir='ltr'><strong>quaerere,</strong></span> <span class='ocrx_word' id='word_1_126' title='bbox 1075 1561 1300 1618; x_wconf 88' lang='lat' dir='ltr'><strong>propter</strong></span> <span class='ocrx_word' id='word_1_127' title='bbox 1340 1570 1504 1618; x_wconf 93' lang='lat' dir='ltr'><strong>quam</strong></span> <span class='ocrx_word' id='word_1_128' title='bbox 1546 1555 1754 1606; x_wconf 83' lang='lat' dir='ltr'><strong>faciens</strong></span> <span class='ocrx_word' id='word_1_129' title='bbox 1793 1570 1896 1606; x_wconf 91' lang='lat' dir='ltr'><strong>nos</strong></span> 
     </span>
    </p>

    <p class='ocr_par' dir='ltr' id='par_1_6' title="bbox 159 1629 1980 1767">
     <span class='ocr_line' id='line_1_18' title="bbox 159 1629 1980 1692; baseline 0 -13"><span class='ocrx_word' id='word_1_130' title='bbox 159 1639 182 1679; x_wconf 91' lang='lat'>2</span> <span class='ocrx_word' id='word_1_131' title='bbox 217 1629 353 1680; x_wconf 91' lang='lat' dir='ltr'><strong>deus</strong></span> <span class='ocrx_word' id='word_1_132' title='bbox 393 1629 548 1680; x_wconf 89' lang='lat' dir='ltr'><strong>liberi</strong></span> <span class='ocrx_word' id='word_1_133' title='bbox 590 1629 798 1680; x_wconf 90' lang='lat' dir='ltr'><strong>arbitrii</strong></span> <span class='ocrx_word' id='word_1_134' title='bbox 840 1629 983 1680; x_wconf 80' lang='lat' dir='ltr'><strong>fecit.</strong></span> <span class='ocrx_word' id='word_1_135' title='bbox 1037 1629 1361 1692; x_wconf 92' lang='lat' dir='ltr'><strong>Incipientes</strong></span> <span class='ocrx_word' id='word_1_136' title='bbox 1403 1629 1569 1692; x_wconf 90' lang='lat' dir='ltr'><strong>igitur</strong></span> <span class='ocrx_word' id='word_1_137' title='bbox 1610 1629 1678 1680; x_wconf 90' lang='lat' dir='ltr'><strong>de</strong></span> <span class='ocrx_word' id='word_1_138' title='bbox 1717 1630 1894 1692; x_wconf 90' lang='lat' dir='ltr'><strong>prima</strong></span> <span class='ocrx_word' id='word_1_139' title='bbox 1977 1639 1980 1642; x_wconf 81' lang='grc'>’</span> 
     </span>
     <span class='ocr_line' id='line_1_19' title="bbox 215 1704 1891 1767; baseline 0.001 -13"><span class='ocrx_word' id='word_1_140' title='bbox 215 1704 464 1755; x_wconf 91' lang='lat' dir='ltr'><strong>dicamus</strong></span> <span class='ocrx_word' id='word_1_141' title='bbox 492 1705 862 1762; x_wconf 90' lang='lat' dir='ltr'><strong>ostendentes,</strong></span> <span class='ocrx_word' id='word_1_142' title='bbox 896 1705 1045 1767; x_wconf 89' lang='lat' dir='ltr'><strong>quod</strong></span> <span class='ocrx_word' id='word_1_143' title='bbox 1080 1706 1149 1755; x_wconf 92' lang='lat' dir='ltr'><strong>sit</strong></span> <span class='ocrx_word' id='word_1_144' title='bbox 1180 1705 1389 1767; x_wconf 90' lang='lat' dir='ltr'><strong>aliquid</strong></span> <span class='ocrx_word' id='word_1_145' title='bbox 1422 1705 1475 1754; x_wconf 93' lang='lat' dir='ltr'><strong>in</strong></span> <span class='ocrx_word' id='word_1_146' title='bbox 1504 1705 1664 1756; x_wconf 92' lang='lat' dir='ltr'><strong>nobis</strong></span> <span class='ocrx_word' id='word_1_147' title='bbox 1692 1719 1760 1755; x_wconf 87' lang='lat' dir='ltr'><strong>ex</strong></span> <span class='ocrx_word' id='word_1_148' title='bbox 1791 1705 1891 1762; x_wconf 90' lang='lat' dir='ltr'><strong>his,</strong></span> 
     </span>
    </p>

    <p class='ocr_par' dir='ltr' id='par_1_7' title="bbox 157 1777 1965 1907">
     <span class='ocr_line' id='line_1_20' title="bbox 157 1777 1891 1842; baseline 0 -14"><span class='ocrx_word' id='word_1_149' title='bbox 157 1787 181 1827; x_wconf 88' lang='grc'>3</span> <span class='ocrx_word' id='word_1_150' title='bbox 215 1792 354 1841; x_wconf 92' lang='lat' dir='ltr'><strong>quae</strong></span> <span class='ocrx_word' id='word_1_151' title='bbox 382 1779 487 1842; x_wconf 88' lang='lat' dir='ltr'><strong>ipsi</strong></span> <span class='ocrx_word' id='word_1_152' title='bbox 521 1777 761 1828; x_wconf 83' lang='lat' dir='ltr'><strong>confessi</strong></span> <span class='ocrx_word' id='word_1_153' title='bbox 795 1783 935 1828; x_wconf 91' lang='lat' dir='ltr'><strong>sunt.</strong></span> <span class='ocrx_word' id='word_1_154' title='bbox 979 1777 1254 1835; x_wconf 92' lang='lat' dir='ltr'><strong>Omnium,</strong></span> <span class='ocrx_word' id='word_1_155' title='bbox 1288 1791 1428 1840; x_wconf 91' lang='lat' dir='ltr'><strong>quae</strong></span> <span class='ocrx_word' id='word_1_156' title='bbox 1460 1777 1608 1828; x_wconf 86' lang='lat' dir='ltr'><strong>facta</strong></span> <span class='ocrx_word' id='word_1_157' title='bbox 1636 1783 1776 1835; x_wconf 92' lang='lat' dir='ltr'><strong>sunt,</strong></span> <span class='ocrx_word' id='word_1_158' title='bbox 1802 1777 1891 1828; x_wconf 90' lang='lat' dir='ltr'><strong>vel</strong></span> 
     </span>
     <span class='ocr_line' id='line_1_21' title="bbox 214 1852 1965 1907; baseline 0.002 -5"><span class='ocrx_word' id='word_1_159' title='bbox 214 1852 378 1903; x_wconf 89' lang='lat' dir='ltr'><strong>deum</strong></span> <span class='ocrx_word' id='word_1_160' title='bbox 414 1852 601 1903; x_wconf 88' lang='lat' dir='ltr'><strong>dicunt</strong></span> <span class='ocrx_word' id='word_1_161' title='bbox 639 1866 760 1903; x_wconf 91' lang='lat' dir='ltr'><strong>esse</strong></span> <span class='ocrx_word' id='word_1_162' title='bbox 798 1866 1021 1902; x_wconf 92' lang='lat' dir='ltr'><strong>causam</strong></span> <span class='ocrx_word' id='word_1_163' title='bbox 1058 1852 1146 1902; x_wconf 88' lang='lat' dir='ltr'><strong>vel</strong></span> <span class='ocrx_word' id='word_1_164' title='bbox 1185 1857 1566 1907; x_wconf 88' lang='lat' dir='ltr'><strong>necessitatem</strong></span> <span class='ocrx_word' id='word_1_165' title='bbox 1601 1855 1690 1906; x_wconf 90' lang='lat' dir='ltr'><strong>vel</strong></span> <span class='ocrx_word' id='word_1_166' title='bbox 1727 1855 1895 1906; x_wconf 82' lang='lat' dir='ltr'><strong>fatum</strong></span> <span class='ocrx_word' id='word_1_167' title='bbox 1920 1864 1965 1900; x_wconf 83' lang='lat'><strong>2⁰</strong></span> 
     </span>
    </p>

    <p class='ocr_par' dir='ltr' id='par_1_8' title="bbox 156 1925 1956 2360">
     <span class='ocr_line' id='line_1_22' title="bbox 156 1925 1891 1989; baseline 0 -13"><span class='ocrx_word' id='word_1_168' title='bbox 156 1937 181 1977; x_wconf 84' lang='lat'>4</span> <span class='ocrx_word' id='word_1_169' title='bbox 214 1926 301 1976; x_wconf 88' lang='lat' dir='ltr'><strong>vel</strong></span> <span class='ocrx_word' id='word_1_170' title='bbox 336 1932 588 1977; x_wconf 90' lang='lat' dir='ltr'><strong>naturam</strong></span> <span class='ocrx_word' id='word_1_171' title='bbox 630 1926 716 1976; x_wconf 90' lang='lat' dir='ltr'><strong>vel</strong></span> <span class='ocrx_word' id='word_1_172' title='bbox 756 1933 1013 1977; x_wconf 89' lang='lat' dir='ltr'><strong>eventum</strong></span> <span class='ocrx_word' id='word_1_173' title='bbox 1053 1925 1140 1976; x_wconf 89' lang='lat' dir='ltr'><strong>vel</strong></span> <span class='ocrx_word' id='word_1_174' title='bbox 1179 1926 1361 1989; x_wconf 89' lang='lat' dir='ltr'><strong>ipsum</strong></span> <span class='ocrx_word' id='word_1_175' title='bbox 1402 1931 1612 1988; x_wconf 89' lang='lat' dir='ltr'><strong>sponte.</strong></span> <span class='ocrx_word' id='word_1_176' title='bbox 1659 1925 1768 1976; x_wconf 90' lang='lat' dir='ltr'><strong>Sed</strong></span> <span class='ocrx_word' id='word_1_177' title='bbox 1803 1925 1891 1976; x_wconf 92' lang='lat' dir='ltr'><strong>dei</strong></span> 
     </span>
     <span class='ocr_line' id='line_1_23' title="bbox 215 1999 1891 2063; baseline 0 -13"><span class='ocrx_word' id='word_1_178' title='bbox 215 2000 437 2063; x_wconf 89' lang='lat' dir='ltr'><strong>quidem</strong></span> <span class='ocrx_word' id='word_1_179' title='bbox 461 2015 603 2063; x_wconf 91' lang='lat' dir='ltr'><strong>opus</strong></span> <span class='ocrx_word' id='word_1_180' title='bbox 631 2006 714 2051; x_wconf 91' lang='lat' dir='ltr'><strong>est</strong></span> <span class='ocrx_word' id='word_1_181' title='bbox 742 2001 1050 2051; x_wconf 90' lang='lat' dir='ltr'><strong>substantia</strong></span> <span class='ocrx_word' id='word_1_182' title='bbox 1078 2006 1131 2050; x_wconf 90' lang='lat' dir='ltr'><strong>et</strong></span> <span class='ocrx_word' id='word_1_183' title='bbox 1159 2000 1522 2062; x_wconf 90' lang='lat' dir='ltr'><strong>providentia,</strong></span> <span class='ocrx_word' id='word_1_184' title='bbox 1550 1999 1891 2050; x_wconf 89' lang='lat' dir='ltr'><strong>necessitatis</strong></span> 
     </span>
     <span class='ocr_line' id='line_1_24' title="bbox 213 2073 1889 2137; baseline -0.001 -12"><span class='ocrx_word' id='word_1_185' title='bbox 213 2089 344 2125; x_wconf 90' lang='lat' dir='ltr'><strong>vero</strong></span> <span class='ocrx_word' id='word_1_186' title='bbox 381 2080 564 2125; x_wconf 91' lang='lat' dir='ltr'><strong>motus</strong></span> <span class='ocrx_word' id='word_1_187' title='bbox 604 2089 810 2133; x_wconf 92' lang='lat' dir='ltr'><strong>eorum,</strong></span> <span class='ocrx_word' id='word_1_188' title='bbox 850 2088 989 2137; x_wconf 92' lang='lat' dir='ltr'><strong>quae</strong></span> <span class='ocrx_word' id='word_1_189' title='bbox 1030 2088 1245 2137; x_wconf 82' lang='lat' dir='ltr'><strong>semper</strong></span> <span class='ocrx_word' id='word_1_190' title='bbox 1284 2074 1532 2125; x_wconf 84' lang='lat' dir='ltr'><strong>similiter</strong></span> <span class='ocrx_word' id='word_1_191' title='bbox 1570 2087 1628 2124; x_wconf 92' lang='lat' dir='ltr'><strong>se</strong></span> <span class='ocrx_word' id='word_1_192' title='bbox 1662 2073 1889 2130; x_wconf 88' lang='lat' dir='ltr'><strong>habent;</strong></span> 
     </span>
     <span class='ocr_line' id='line_1_25' title="bbox 213 2148 1887 2212; baseline -0.001 -13"><span class='ocrx_word' id='word_1_193' title='bbox 213 2148 313 2199; x_wconf 84' lang='lat' dir='ltr'><strong>fati</strong></span> <span class='ocrx_word' id='word_1_194' title='bbox 347 2155 546 2206; x_wconf 88' lang='lat' dir='ltr'><strong>autern,</strong></span> <span class='ocrx_word' id='word_1_195' title='bbox 585 2149 734 2212; x_wconf 92' lang='lat' dir='ltr'><strong>quod</strong></span> <span class='ocrx_word' id='word_1_196' title='bbox 770 2162 837 2199; x_wconf 86' lang='lat' dir='ltr'><strong>ex</strong></span> <span class='ocrx_word' id='word_1_197' title='bbox 873 2149 1199 2199; x_wconf 89' lang='lat' dir='ltr'><strong>necessitate</strong></span> <span class='ocrx_word' id='word_1_198' title='bbox 1237 2148 1541 2211; x_wconf 92' lang='lat' dir='ltr'><strong>completur</strong></span> <span class='ocrx_word' id='word_1_199' title='bbox 1578 2161 1673 2210; x_wconf 90' lang='lat' dir='ltr'><strong>per</strong></span> <span class='ocrx_word' id='word_1_200' title='bbox 1705 2148 1887 2210; x_wconf 90' lang='lat' dir='ltr'><strong>ipsum</strong></span> 
     </span>
     <span class='ocr_line' id='line_1_26' title="bbox 212 2219 1956 2287; baseline -0.003 -13"><span class='ocrx_word' id='word_1_201' title='bbox 212 2224 387 2274; x_wconf 84' lang='lat' dir='ltr'><strong>fatum</strong></span> <span class='ocrx_word' id='word_1_202' title='bbox 430 2221 653 2287; x_wconf 87' lang='lat' dir='ltr'><strong>(etenim</strong></span> <span class='ocrx_word' id='word_1_203' title='bbox 695 2229 748 2273; x_wconf 89' lang='lat' dir='ltr'><strong>et</strong></span> <span class='ocrx_word' id='word_1_204' title='bbox 787 2223 894 2273; x_wconf 91' lang='lat' dir='ltr'><strong>hoc</strong></span> <span class='ocrx_word' id='word_1_205' title='bbox 931 2223 1275 2274; x_wconf 91' lang='lat' dir='ltr'><strong>necessitatis</strong></span> <span class='ocrx_word' id='word_1_206' title='bbox 1315 2219 1447 2285; x_wconf 88' lang='lat' dir='ltr'><strong>est);</strong></span> <span class='ocrx_word' id='word_1_207' title='bbox 1487 2227 1715 2272; x_wconf 90' lang='lat' dir='ltr'><strong>naturae</strong></span> <span class='ocrx_word' id='word_1_208' title='bbox 1752 2235 1885 2272; x_wconf 91' lang='lat' dir='ltr'><strong>vero</strong></span> <span class='ocrx_word' id='word_1_209' title='bbox 1910 2232 1956 2267; x_wconf 85' lang='lat'><strong>25</strong></span> 
     </span>
     <span class='ocr_line' id='line_1_27' title="bbox 212 2294 1886 2360; baseline -0.002 -12"><span class='ocrx_word' id='word_1_210' title='bbox 212 2299 510 2360; x_wconf 84' lang='lat' dir='ltr'><strong>generatio,</strong></span> <span class='ocrx_word' id='word_1_211' title='bbox 538 2303 910 2359; x_wconf 87' lang='lat' dir='ltr'><strong>augmentum,</strong></span> <span class='ocrx_word' id='word_1_212' title='bbox 944 2297 1236 2358; x_wconf 86' lang='lat' dir='ltr'><strong>corruptio,</strong></span> <span class='ocrx_word' id='word_1_213' title='bbox 1270 2296 1488 2358; x_wconf 89' lang='lat' dir='ltr'><strong>plantae</strong></span> <span class='ocrx_word' id='word_1_214' title='bbox 1521 2300 1574 2346; x_wconf 90' lang='lat' dir='ltr'><strong>et</strong></span> <span class='ocrx_word' id='word_1_215' title='bbox 1604 2294 1886 2351; x_wconf 90' lang='lat' dir='ltr'><strong>animalia;</strong></span> 
     </span>
    </p>
   </div>
   <div class='ocr_carea' id='block_1_5' title="bbox 210 2456 1981 2632">
    <p class='ocr_par' dir='ltr' id='par_1_9' title="bbox 210 2456 1981 2632">
     <span class='ocr_line' id='line_1_28' title="bbox 287 2456 1981 2510; baseline -0.002 -7"><span class='ocrx_word' id='word_1_216' title='bbox 287 2463 312 2503; x_wconf 91' lang='lat'><strong>2</strong></span> <span class='ocrx_word' id='word_1_217' title='bbox 345 2467 414 2504; x_wconf 89' lang='lat' dir='ltr'><strong>est</strong></span> <span class='ocrx_word' id='word_1_218' title='bbox 446 2475 534 2504; x_wconf 90' lang='lat' dir='ltr'><strong>om.</strong></span> <span class='ocrx_word' id='word_1_219' title='bbox 567 2463 608 2503; x_wconf 93' lang='lat' dir='ltr'>D</span> <span class='ocrx_word' id='word_1_220' title='bbox 789 2462 815 2502; x_wconf 89' lang='grc'>4</span> <span class='ocrx_word' id='word_1_221' title='bbox 848 2463 947 2504; x_wconf 92' lang='lat' dir='ltr'><strong>eius</strong></span> <span class='ocrx_word' id='word_1_222' title='bbox 980 2462 1012 2503; x_wconf 96' lang='lat' dir='ltr'><strong><em>A</em></strong></span> <span class='ocrx_word' id='word_1_223' title='bbox 1136 2456 1205 2504; x_wconf 90' lang='lat' dir='ltr'><strong>et¹</strong></span> <span class='ocrx_word' id='word_1_224' title='bbox 1235 2474 1324 2503; x_wconf 89' lang='lat' dir='ltr'><strong>om.</strong></span> <span class='ocrx_word' id='word_1_225' title='bbox 1356 2461 1402 2502; x_wconf 84' lang='lat' dir='ltr'>M</span> <span class='ocrx_word' id='word_1_226' title='bbox 1588 2460 1614 2500; x_wconf 89' lang='grc'>6</span> <span class='ocrx_word' id='word_1_227' title='bbox 1647 2461 1749 2510; x_wconf 89' lang='lat' dir='ltr'><strong>quis</strong></span> <span class='ocrx_word' id='word_1_228' title='bbox 1781 2471 1890 2501; x_wconf 85' lang='lat' dir='ltr'><strong>con·</strong></span> <span class='ocrx_word' id='word_1_229' title='bbox 1979 2471 1981 2473; x_wconf 88' lang='grc'><em>·</em></span> 
     </span>
     <span class='ocr_line' id='line_1_29' title="bbox 211 2519 1887 2571; baseline -0.001 -9"><span class='ocrx_word' id='word_1_230' title='bbox 211 2520 398 2571; x_wconf 87' lang='lat' dir='ltr'><strong>siliatur]</strong></span> <span class='ocrx_word' id='word_1_231' title='bbox 433 2523 727 2563; x_wconf 87' lang='lat' dir='ltr'><strong>consiliamur</strong></span> <span class='ocrx_word' id='word_1_232' title='bbox 756 2522 790 2563; x_wconf 89' lang='lat' dir='ltr'><strong><em>A</em></strong></span> <span class='ocrx_word' id='word_1_233' title='bbox 1035 2521 1082 2562; x_wconf 90' lang='lat'><strong>11</strong></span> <span class='ocrx_word' id='word_1_234' title='bbox 1127 2522 1309 2563; x_wconf 87' lang='lat' dir='ltr'><strong>arbitrio</strong></span> <span class='ocrx_word' id='word_1_235' title='bbox 1341 2519 1426 2562; x_wconf 87' lang='lat' dir='ltr'><strong>PC</strong></span> <span class='ocrx_word' id='word_1_236' title='bbox 1464 2519 1576 2560; x_wconf 72' lang='lat'><strong><em>*⁴¹15</em></strong></span> <span class='ocrx_word' id='word_1_237' title='bbox 1605 2520 1701 2570; x_wconf 80' lang='lat' dir='ltr'><strong>sere</strong></span> <span class='ocrx_word' id='word_1_238' title='bbox 1732 2521 1822 2560; x_wconf 75' lang='lat' dir='ltr'><strong>litt.</strong></span> <span class='ocrx_word' id='word_1_239' title='bbox 1853 2519 1887 2560; x_wconf 91' lang='lat' dir='ltr'><strong><em>A</em></strong></span> 
     </span>
     <span class='ocr_line' id='line_1_30' title="bbox 210 2578 1832 2632; baseline -0.001 -11"><span class='ocrx_word' id='word_1_240' title='bbox 210 2587 262 2621; x_wconf 89' lang='lat'><strong>22</strong></span> <span class='ocrx_word' id='word_1_241' title='bbox 291 2582 386 2632; x_wconf 81' lang='lat' dir='ltr'><strong>fere</strong></span> <span class='ocrx_word' id='word_1_242' title='bbox 418 2583 508 2622; x_wconf 79' lang='lat' dir='ltr'><strong>litt.</strong></span> <span class='ocrx_word' id='word_1_243' title='bbox 540 2582 577 2622; x_wconf 90' lang='grc' dir='ltr'><em>Β</em></span> <span class='ocrx_word' id='word_1_244' title='bbox 776 2581 829 2621; x_wconf 86' lang='grc'><strong>12</strong></span> <span class='ocrx_word' id='word_1_245' title='bbox 862 2578 1030 2630; x_wconf 90' lang='lat' dir='ltr'><strong>delade</strong></span> <span class='ocrx_word' id='word_1_246' title='bbox 1060 2582 1098 2622; x_wconf 89' lang='lat' dir='ltr'><em>B</em></span> <span class='ocrx_word' id='word_1_247' title='bbox 1244 2582 1357 2631; x_wconf 78' lang='lat' dir='ltr'><strong>post</strong></span> <span class='ocrx_word' id='word_1_248' title='bbox 1386 2580 1521 2620; x_wconf 90' lang='lat' dir='ltr'><strong>nobis</strong></span> <span class='ocrx_word' id='word_1_249' title='bbox 1552 2580 1662 2620; x_wconf 86' lang='lat' dir='ltr'><strong>add.</strong></span> <span class='ocrx_word' id='word_1_250' title='bbox 1695 2582 1766 2619; x_wconf 89' lang='lat' dir='ltr'><strong>est</strong></span> <span class='ocrx_word' id='word_1_251' title='bbox 1794 2579 1832 2620; x_wconf 89' lang='grc' dir='ltr'><em>Β</em></span> 
     </span>
    </p>
   </div>
   <div class='ocr_carea' id='block_1_6' title="bbox 207 2637 1890 2989">
    <p class='ocr_par' dir='ltr' id='par_1_10' title="bbox 207 2637 1890 2868">
     <span class='ocr_line' id='line_1_31' title="bbox 214 2637 1890 2691; baseline -0.001 -11"><span class='ocrx_word' id='word_1_252' title='bbox 214 2641 267 2680; x_wconf 92' lang='grc'><strong>13</strong></span> <span class='ocrx_word' id='word_1_253' title='bbox 301 2642 445 2690; x_wconf 88' lang='lat' dir='ltr'><strong>prima</strong></span> <span class='ocrx_word' id='word_1_254' title='bbox 475 2641 515 2681; x_wconf 85' lang='lat' dir='ltr'><em>P</em></span> <span class='ocrx_word' id='word_1_255' title='bbox 648 2642 787 2681; x_wconf 87' lang='lat' dir='ltr'><strong>habet</strong></span> <span class='ocrx_word' id='word_1_256' title='bbox 819 2643 995 2690; x_wconf 87' lang='lat' dir='ltr'><strong>quaest.</strong></span> <span class='ocrx_word' id='word_1_257' title='bbox 1029 2643 1210 2691; x_wconf 82' lang='lat' dir='ltr'><strong>transp.</strong></span> <span class='ocrx_word' id='word_1_258' title='bbox 1242 2640 1276 2681; x_wconf 93' lang='lat' dir='ltr'><strong><em>A</em></strong></span> <span class='ocrx_word' id='word_1_259' title='bbox 1467 2637 1521 2679; x_wconf 91' lang='grc'><strong>13</strong></span> <span class='ocrx_word' id='word_1_260' title='bbox 1553 2640 1600 2679; x_wconf 87' lang='lat' dir='ltr'><strong>et</strong></span> <span class='ocrx_word' id='word_1_261' title='bbox 1632 2638 1685 2678; x_wconf 90' lang='lat'><strong>18</strong></span> <span class='ocrx_word' id='word_1_262' title='bbox 1717 2637 1890 2687; x_wconf 86' lang='lat' dir='ltr'><strong>aliquid</strong></span> 
     </span>
     <span class='ocr_line' id='line_1_32' title="bbox 207 2697 1888 2750; baseline -0.002 -10"><span class='ocrx_word' id='word_1_263' title='bbox 207 2702 321 2750; x_wconf 81' lang='lat' dir='ltr'><strong>post</strong></span> <span class='ocrx_word' id='word_1_264' title='bbox 350 2701 486 2740; x_wconf 91' lang='lat' dir='ltr'><strong>nobis</strong></span> <span class='ocrx_word' id='word_1_265' title='bbox 516 2712 627 2750; x_wconf 84' lang='lat' dir='ltr'><strong>pon.</strong></span> <span class='ocrx_word' id='word_1_266' title='bbox 655 2700 693 2741; x_wconf 89' lang='grc' dir='ltr'><strong><em>Β</em></strong></span> <span class='ocrx_word' id='word_1_267' title='bbox 808 2699 862 2739; x_wconf 89' lang='grc'><strong>14</strong></span> <span class='ocrx_word' id='word_1_268' title='bbox 893 2700 1146 2740; x_wconf 90' lang='lat' dir='ltr'><strong>secundum</strong></span> <span class='ocrx_word' id='word_1_269' title='bbox 1177 2699 1212 2741; x_wconf 89' lang='lat' dir='ltr'><strong><em>A</em></strong></span> <span class='ocrx_word' id='word_1_270' title='bbox 1322 2697 1376 2738; x_wconf 88' lang='grc'><strong>16</strong></span> <span class='ocrx_word' id='word_1_271' title='bbox 1407 2698 1536 2739; x_wconf 87' lang='lat' dir='ltr'><strong>tertia</strong></span> <span class='ocrx_word' id='word_1_272' title='bbox 1566 2698 1606 2738; x_wconf 87' lang='lat' dir='ltr'>P</span> <span class='ocrx_word' id='word_1_273' title='bbox 1711 2697 1763 2737; x_wconf 91' lang='grc'><strong>17</strong></span> <span class='ocrx_word' id='word_1_274' title='bbox 1795 2698 1888 2737; x_wconf 83' lang='lat' dir='ltr'><strong>arb.</strong></span> 
     </span>
     <span class='ocr_line' id='line_1_33' title="bbox 210 2757 1886 2810; baseline -0.001 -12"><span class='ocrx_word' id='word_1_275' title='bbox 210 2759 317 2800; x_wconf 75' lang='lat' dir='ltr'><strong>iecit</strong></span> <span class='ocrx_word' id='word_1_276' title='bbox 349 2762 529 2810; x_wconf 82' lang='lat' dir='ltr'><strong>transp.</strong></span> <span class='ocrx_word' id='word_1_277' title='bbox 562 2759 596 2800; x_wconf 89' lang='lat' dir='ltr'><strong><em>A</em></strong></span> <span class='ocrx_word' id='word_1_278' title='bbox 682 2759 981 2808; x_wconf 88' lang='lat' dir='ltr'><strong>Incipientem</strong></span> <span class='ocrx_word' id='word_1_279' title='bbox 1012 2759 1053 2800; x_wconf 86' lang='lat' dir='ltr'><em>P</em></span> <span class='ocrx_word' id='word_1_280' title='bbox 1177 2757 1233 2799; x_wconf 91' lang='grc'><strong>20</strong></span> <span class='ocrx_word' id='word_1_281' title='bbox 1265 2758 1418 2798; x_wconf 85' lang='lat' dir='ltr'><strong>dicant</strong></span> <span class='ocrx_word' id='word_1_282' title='bbox 1446 2757 1484 2797; x_wconf 89' lang='grc' dir='ltr'><strong><em>Β</em></strong></span> <span class='ocrx_word' id='word_1_283' title='bbox 1567 2767 1671 2798; x_wconf 88' lang='lat' dir='ltr'><strong>esse</strong></span> <span class='ocrx_word' id='word_1_284' title='bbox 1703 2765 1886 2797; x_wconf 86' lang='lat' dir='ltr'><strong>causam</strong></span> 
     </span>
     <span class='ocr_line' id='line_1_34' title="bbox 211 2815 1888 2868; baseline -0.002 -10"><span class='ocrx_word' id='word_1_285' title='bbox 211 2820 392 2868; x_wconf 81' lang='lat' dir='ltr'><strong>transp.</strong></span> <span class='ocrx_word' id='word_1_286' title='bbox 419 2817 456 2859; x_wconf 92' lang='lat' dir='ltr'><em>C</em></span> <span class='ocrx_word' id='word_1_287' title='bbox 575 2817 630 2858; x_wconf 89' lang='grc'><strong>20</strong></span> <span class='ocrx_word' id='word_1_288' title='bbox 654 2820 702 2859; x_wconf 82' lang='lat' dir='ltr'><strong>et</strong></span> <span class='ocrx_word' id='word_1_289' title='bbox 725 2818 780 2858; x_wconf 89' lang='lat'><strong>25</strong></span> <span class='ocrx_word' id='word_1_290' title='bbox 812 2818 979 2859; x_wconf 83' lang='lat' dir='ltr'><strong>factum</strong></span> <span class='ocrx_word' id='word_1_291' title='bbox 1006 2817 1087 2859; x_wconf 88' lang='lat' dir='ltr'><strong>CB</strong></span> <span class='ocrx_word' id='word_1_292' title='bbox 1207 2816 1262 2856; x_wconf 89' lang='lat'><strong>22</strong></span> <span class='ocrx_word' id='word_1_293' title='bbox 1294 2818 1364 2858; x_wconf 86' lang='lat' dir='ltr'><strong>est</strong></span> <span class='ocrx_word' id='word_1_294' title='bbox 1393 2816 1651 2865; x_wconf 83' lang='lat' dir='ltr'><strong>deleverim,</strong></span> <span class='ocrx_word' id='word_1_295' title='bbox 1683 2815 1740 2866; x_wconf 75' lang='lat' dir='ltr'><strong>cf.</strong></span> <span class='ocrx_word' id='word_1_296' title='bbox 1763 2819 1828 2864; x_wconf 79' lang='grc'><strong>43,</strong></span> <span class='ocrx_word' id='word_1_297' title='bbox 1839 2819 1888 2855; x_wconf 87' lang='grc'><strong>15</strong></span> 
     </span>
    </p>

    <p class='ocr_par' dir='ltr' id='par_1_11' title="bbox 212 2873 1825 2989">
     <span class='ocr_line' id='line_1_35' title="bbox 269 2873 1825 2927; baseline -0.001 -11"><span class='ocrx_word' id='word_1_298' title='bbox 269 2877 569 2917; x_wconf 86' lang='lat' dir='ltr'><strong>substantiam</strong></span> <span class='ocrx_word' id='word_1_299' title='bbox 603 2880 648 2918; x_wconf 86' lang='lat' dir='ltr'><strong>et</strong></span> <span class='ocrx_word' id='word_1_300' title='bbox 679 2878 1011 2927; x_wconf 87' lang='lat' dir='ltr'><strong>providentiam</strong></span> <span class='ocrx_word' id='word_1_301' title='bbox 1043 2877 1081 2918; x_wconf 91' lang='grc' dir='ltr'><em>Β</em></span> <span class='ocrx_word' id='word_1_302' title='bbox 1156 2876 1212 2917; x_wconf 87' lang='grc'><strong>23</strong></span> <span class='ocrx_word' id='word_1_303' title='bbox 1244 2886 1424 2925; x_wconf 86' lang='lat' dir='ltr'><strong>semper</strong></span> <span class='ocrx_word' id='word_1_304' title='bbox 1454 2875 1553 2915; x_wconf 90' lang='lat' dir='ltr'><strong>sim.</strong></span> <span class='ocrx_word' id='word_1_305' title='bbox 1587 2877 1766 2924; x_wconf 80' lang='lat' dir='ltr'><strong>transp.</strong></span> <span class='ocrx_word' id='word_1_306' title='bbox 1791 2873 1825 2915; x_wconf 86' lang='lat' dir='ltr'><strong><em>A</em></strong></span> 
     </span>
     <span class='ocr_line' id='line_1_36' title="bbox 212 2933 1737 2989; baseline 0.001 -14"><span class='ocrx_word' id='word_1_307' title='bbox 212 2935 267 2975; x_wconf 81' lang='lat'><strong>24</strong></span> <span class='ocrx_word' id='word_1_308' title='bbox 299 2936 404 2977; x_wconf 82' lang='lat' dir='ltr'><strong>iacti</strong></span> <span class='ocrx_word' id='word_1_309' title='bbox 439 2935 518 2978; x_wconf 87' lang='lat' dir='ltr'><strong>CB</strong></span> <span class='ocrx_word' id='word_1_310' title='bbox 639 2935 694 2977; x_wconf 86' lang='lat'><strong>25</strong></span> <span class='ocrx_word' id='word_1_311' title='bbox 726 2946 904 2979; x_wconf 86' lang='lat' dir='ltr'><strong>necess.</strong></span> <span class='ocrx_word' id='word_1_312' title='bbox 937 2939 1007 2979; x_wconf 88' lang='lat' dir='ltr'><strong>est</strong></span> <span class='ocrx_word' id='word_1_313' title='bbox 1039 2938 1220 2989; x_wconf 79' lang='lat' dir='ltr'><strong>transp.</strong></span> <span class='ocrx_word' id='word_1_314' title='bbox 1251 2934 1286 2975; x_wconf 92' lang='lat' dir='ltr'><strong><em>A</em></strong></span> <span class='ocrx_word' id='word_1_315' title='bbox 1419 2933 1475 2974; x_wconf 88' lang='grc'><strong>26</strong></span> <span class='ocrx_word' id='word_1_316' title='bbox 1506 2936 1552 2976; x_wconf 90' lang='lat' dir='ltr'><strong>et</strong></span> <span class='ocrx_word' id='word_1_317' title='bbox 1582 2945 1671 2977; x_wconf 90' lang='lat' dir='ltr'><strong>om.</strong></span> <span class='ocrx_word' id='word_1_318' title='bbox 1702 2933 1737 2976; x_wconf 87' lang='lat' dir='ltr'><strong><em>A</em></strong></span> 
     </span>
    </p>
   </div>
  </div>
 </body>
</html>
