1982 3172
224 90 324 139 120
585 83 841 128 NEMESII
874 83 1189 130 PREMNON
1223 84 1545 131 PHYSICON

134 230 184 269 14
218 233 362 268 mam
388 219 578 277 solam,
610 219 706 269 sed
735 225 1041 283 utrumque,
1072 221 1149 271 sic
1176 226 1228 271 et
1256 221 1726 284 praeelectionem.
1754 223 1895 279 Quia

216 307 349 344 vero
383 293 672 344 consilium
711 293 993 356 quoddam
1030 295 1099 345 sit
1136 309 1258 345 curn
1293 295 1513 354 iudicio,
1549 297 1650 348 etsi
1682 311 1794 348 non
1825 298 1894 350 sit

218 367 363 418 idem
385 368 534 431 quod
559 367 864 426 consilium,
886 368 1242 420 manifestum
1266 383 1333 420 ex
1354 370 1717 434 etymologia;
1740 385 1896 435 prae-

217 441 450 493 electum
472 442 616 492 enirn
645 442 842 493 dicitur
867 443 1099 494 alterum
1126 458 1257 506 prae
1283 443 1456 495 altero
1482 444 1729 496 electum.
1762 445 1895 496 Nul-

218 517 304 567 lus
347 522 531 567 autem
578 517 919 580 praeiudicat
963 517 1095 580 quid
1138 532 1250 568 non
1296 519 1560 569 iudicans,
1615 518 1724 570 Sed
1766 521 1895 584 quia
1942 536 1978 570 5⁷

216 605 327 641 non
366 591 566 648 omnia,
609 605 749 653 quae
787 592 1045 643 videntur
1084 592 1244 643 nobis
1284 593 1371 644 vel
1413 587 1720 645 sentiuntur
1756 594 1894 646 bene
1977 629 1982 634 -

219 679 277 715 se
305 665 523 723 habere,
558 665 629 715 ad
663 671 844 716 actum
881 666 1079 717 ducere
1114 667 1376 730 cogimur,
1410 673 1539 718 tunc
1568 668 1894 730 praeelectio

218 745 270 790 et
299 739 667 802 praeelectum
701 740 781 799 fit,
814 740 962 803 quod
997 741 1246 803 procedit
1274 755 1343 792 ex
1376 742 1621 800 consilio,
1651 756 1772 793 cum
1800 757 1896 806 ap-

221 818 564 880 prehenderit
612 820 928 882 appetitum.
991 819 1312 871 Necessario
1365 821 1524 884 igitur
1574 821 1896 883 praeelectio

133 899 184 939 15
218 889 360 939 circa
390 888 585 939 eade-m
622 895 720 947 est,
756 890 896 940 circa
932 903 1071 952 quae
1105 895 1160 940 et
1195 890 1438 941 consilia.
1483 890 1771 954 Colligitur
1801 906 1895 942 au·
1924 905 1963 940 10

217 968 327 1013 tem
348 977 417 1013 ex
444 963 530 1014 his
558 964 1014 1026 praeelectionem
1042 978 1164 1015 esse
1193 965 1498 1027 appetitum
1526 966 1892 1016 consultivum

218 1055 422 1100 eorum,
449 1056 590 1104 quae
617 1043 670 1092 in
697 1042 872 1101 nobis,
892 1043 979 1093 vel
1004 1043 1290 1094 consilium
1316 1045 1677 1107 appetitivum.
1694 1058 1896 1103 eorum,

219 1130 359 1179 quae
386 1117 440 1166 in
466 1117 641 1168 nobis,
679 1116 798 1168 Hoc
824 1118 984 1175 enim,
1010 1117 1156 1180 quod
1186 1118 1428 1180 procedit
1449 1132 1482 1168 a
1502 1118 1746 1177 consilio,
1773 1133 1898 1169 con-

132 1201 185 1242 16
219 1191 547 1253 cupiscimus
571 1190 981 1255 praeeligentes,
1012 1190 1119 1241 Sed
1143 1193 1271 1255 quia
1292 1192 1744 1254 praeelectionem
1767 1192 1898 1243 dixi-

218 1275 341 1312 mus
364 1262 505 1312 circa
531 1261 726 1312 eadem
753 1275 890 1319 esse,
919 1262 1059 1311 circa
1087 1276 1227 1324 quae
1252 1268 1306 1313 et
1330 1262 1633 1320 consilium,
1657 1262 1896 1313 declare·
1924 1275 1966 1310 15

219 1350 357 1393 mus,
390 1336 531 1386 circa
568 1350 706 1399 quae
740 1341 992 1387 versatur
1029 1336 1316 1386 consilium
1353 1342 1405 1387 et
1441 1336 1507 1387 de
1541 1337 1739 1398 quibus
1771 1351 1896 1390 con-

219 1409 466 1461 sulimus.

128 1650 194 1699 34
513 1571 628 1638 DE
679 1571 999 1655 QUIBUS
1050 1571 1603 1639 CONSULIMUS

164 1722 178 1761 1
305 1708 611 1771 Antequam
654 1708 916 1764 dicamus,
958 1708 1030 1758 de
1066 1708 1264 1771 quibus
1305 1708 1658 1766 consulimus,
1698 1708 1894 1759 melius

217 1788 299 1833 est
334 1782 594 1839 diffinire,
632 1783 686 1832 in
723 1797 831 1845 quo
870 1782 1062 1833 differt
1098 1782 1384 1833 consilium
1420 1783 1491 1833 ab
1523 1783 1892 1846 inquisitione.
1921 1801 1976 1837 20-

219 1857 342 1907 Non
370 1858 513 1908 enim
547 1857 692 1907 idem
724 1863 807 1907 est
840 1857 1127 1907 consilium
1157 1862 1212 1907 et
1242 1857 1540 1920 inquisitio,
1567 1857 1670 1908 etsi
1698 1871 1894 1908 consu·

160 1944 184 1984 2
218 1931 335 1982 lens
358 1945 625 1994 quaerens
653 1931 782 1993 quid
811 1931 1076 1988 consulat,
1105 1931 1201 1981 sed
1227 1931 1460 1982 multum
1489 1931 1694 1982 differt.
1716 1930 1894 1987 Quae-

218 2006 387 2056 rimus
415 2020 668 2068 namque,
703 2006 747 2056 si
780 2006 955 2056 maior
989 2006 1057 2056 sit
1091 2005 1173 2056 sol
1207 2011 1364 2062 terra,
1395 2005 1491 2056 sed
1520 2005 1705 2055 nullus
1738 2004 1891 2056 dicit:

218 2080 461 2137 consuIO,
483 2080 527 2130 si
550 2080 726 2130 maior
749 2081 817 2130 sit
842 2079 924 2130 sol
950 2085 1106 2130 terra.
1143 2079 1236 2130 Est
1254 2081 1399 2130 enim
1416 2079 1701 2142 inquisitio
1715 2092 1891 2142 genus

219 2154 673 2209 consilii;etenim
701 2154 767 2203 de
792 2153 1040 2216 pluribus
1066 2154 1277 2204 dicitur.
1312 2153 1487 2203 Omne
1509 2166 1746 2215 namque
1766 2167 1893 2204 con·
1922 2170 1965 2205 25

293 2320 311 2359 1
358 2320 742 2369 praeelectionem
775 2319 855 2360 PA
901 2320 946 2358 in
982 2319 1319 2368 praeelectione
1350 2319 1388 2360 Β
1432 2318 1769 2367 praeelectione
1803 2316 1840 2359 C

217 2379 241 2418 2
275 2380 494 2429 quiddam
527 2377 613 2420 AC
707 2381 821 2429 post
851 2373 930 2418 sit¹
962 2380 1006 2419 cl.
1040 2380 1068 2418 ἱ.
1102 2391 1141 2419 υ.
1177 2376 1251 2417 καὶ
1284 2374 1514 2427 βούλευειε
1693 2376 1719 2417 3
1753 2377 1894 2416 mani-

215 2439 379 2479 festum
413 2435 559 2488 (quod
591 2439 679 2479 del.
704 2450 762 2478 m.
789 2435 830 2488 1)
864 2449 921 2478 ex
955 2437 993 2478 C
1021 2449 1146 2488 exsp.
1181 2437 1468 2479 manifestum
1502 2439 1547 2477 et
1578 2447 1635 2477 ex
1726 2437 1751 2476 5
1785 2436 1897 2485 quid
1979 2471 1982 2473 ,

215 2509 308 2538 ηοη
347 2499 556 2538 iudicatis
591 2497 628 2539 C
669 2498 726 2538 de
759 2508 853 2538 non
887 2497 1097 2537 iudicatis
1130 2497 1163 2538 A
1209 2497 1321 2547 quid
1360 2507 1453 2537 non
1486 2495 1806 2544 praeiudicans
1836 2495 1895 2541 B;

211 2560 324 2606 post
355 2557 465 2606 quid
498 2559 542 2597 d.
569 2558 597 2597 i.
624 2568 663 2597 υ.
698 2554 757 2606 μὴ
793 2552 1155 2605 βουλευεάμενοε
1187 2552 1295 2594 οὐδὲ
1329 2549 1518 2605 αἱρεῖται
1608 2554 1635 2594 6
1666 2566 1761 2596 non
1786 2556 1896 2596 ante

215 2617 335 2657 bene
365 2628 476 2666 pon.
503 2616 536 2656 A
654 2616 678 2655 7
712 2619 805 2655 tum
837 2616 874 2656 B
981 2615 1094 2656 7-8
1127 2616 1178 2655 fit
1209 2615 1511 2664 praeelectum
1545 2617 1589 2655 et
1621 2614 1895 2662 praeelectio

214 2673 279 2724 (h.
306 2673 369 2725 ο.)
401 2676 435 2716 Α
541 2675 685 2715 9-10
719 2678 787 2715 est
815 2677 929 2725 post
960 2675 1126 2724 praeel.
1156 2686 1267 2725 pon.
1292 2674 1329 2714 Β
1433 2673 1480 2712 11
1518 2666 1894 2726 consult<iv>um

213 2734 285 2774 Ho
403 2734 574 2774 12—-13
606 2734 679 2775 vel
706 2755 758 2760 —
786 2735 921 2775 nobis
954 2746 1042 2775 om.
1070 2733 1150 2775 CB
1258 2733 1311 2772 12
1343 2726 1716 2784 appetit<iv>um
1749 2743 1834 2783 eyo

218 2793 270 2832 15
304 2804 407 2834 esse
437 2796 551 2843 post
580 2793 670 2833 dix.
701 2805 811 2842 pon.
843 2793 884 2833 D
1031 2792 1084 2832 18
1115 2792 1185 2833 De
1218 2793 1383 2842 quibus
1414 2792 1694 2831 consulimus
1726 2790 1812 2832 PC
1841 2789 1896 2816 *¹*

213 2856 265 2891 30
295 2853 390 2901 fere
422 2853 512 2892 litt.
545 2853 578 2892 A
612 2857 663 2892 24
693 2853 789 2902 fere
820 2853 910 2893 litt.
943 2853 979 2892 Β
1130 2851 1180 2892 21
1217 2854 1262 2892 et
1292 2852 1358 2891 sic
1389 2851 1423 2891 A
1576 2849 1630 2890 22
1663 2861 1826 2900 queras
1859 2849 1896 2892 C

216 2915 402 2960 quaerat
434 2912 470 2951 Β
592 2911 764 2951 23-24
798 2911 950 2955 sed—
972 2915 1085 2952 terra
1117 2912 1163 2951 in
1196 2921 1342 2960 τηαν-9.
1375 2910 1528 2960 suppl.
1561 2902 1619 2950 Ρι
