1982 3172
171 248 197 287 8

169 471 195 509 9

226 105 325 154 122
588 98 845 144 NEMESII
879 98 1196 146 PREMNON
1234 99 1557 147 PHYSICON

233 248 374 298 quae
418 235 686 298 recipiunt
729 235 784 286 in
828 236 1020 298 paucis
1065 235 1202 286 fieri.
1257 235 1486 300 Propter
1541 237 1679 288 haec
1728 238 1910 302 igitur,

233 308 381 371 quod
411 310 465 360 in
498 309 675 367 nobis,
708 309 912 361 dictum
947 316 1045 367 est,
1079 309 1227 373 quod
1259 324 1392 362 vero
1422 324 1519 374 per
1546 314 1663 371 nos,
1698 312 1908 370 dicitur.

233 383 361 447 quia
384 397 497 435 non
530 383 598 434 de
629 384 885 435 omnibus
916 384 1233 435 hominibus
1262 398 1441 448 neque
1471 385 1541 444 de,
1568 387 1716 438 omni
1741 400 1909 451 opere

229 457 597 509 consiliamur.
652 458 778 509 Non
823 459 967 509 enim
1012 457 1380 518 consiliamur,
1441 459 1722 524 quomodo
1766 460 1906 512 fiant

230 545 450 596 pugnae
487 531 593 590 vel,
636 532 681 583 si
721 532 815 591 illi,
857 533 949 596 qui
990 532 1156 596 longe
1195 547 1230 583 a
1263 533 1425 584 nobis
1462 534 1551 586 siti
1593 540 1734 594 sunt,
1767 535 1906 586 bene
1956 551 1966 584 ε

148 619 199 658 10
231 606 615 670 pugnaverint,
640 607 743 659 etsi
773 607 880 658 hoc
907 607 962 657 in
992 606 1101 658 illis
1133 607 1445 659 consultum
1476 609 1560 660 sit.
1598 607 1707 660 Sed
1733 623 1908 673 neque

147 1436 193 1476 11

147 1734 199 1774 12

146 1957 198 1997 13

233 681 301 731 de
331 680 603 739 omnibus,
639 695 783 745 quae
812 695 909 745 per
941 695 1045 733 nos
1079 681 1221 733 fiunt
1254 687 1307 733 et
1335 682 1391 733 in
1419 682 1580 734 nobis
1613 689 1755 741 sunt,
1783 697 1910 734 con-

233 755 495 813 siliamur,
538 755 635 807 sed
681 762 899 820 oportet
940 770 1221 820 apponere
1262 762 1316 808 et
1357 757 1622 808 incertum
1662 757 1910 809 habenti-

231 830 335 880 bus
364 829 550 881 finem.
596 829 653 881 Si
684 831 830 882 enim
864 836 948 882 est
980 831 1336 882 manifestum
1367 837 1423 882 et
1453 831 1675 890 clarum,
1705 831 1774 883 de
1805 831 1911 883 hoc

228 918 339 955 non
370 904 737 956 consiliamur.
783 905 973 969 Neque
1006 906 1150 956 enim
1186 905 1253 956 de
1286 906 1546 969 operibus
1576 906 1665 957 vel
1695 907 1908 958 actibus
1938 919 1967 955 ι(

233 979 535 1030 secundum
565 979 914 1043 disciplinam
946 979 1034 1030 vel
1068 985 1239 1030 artem
1271 985 1356 1031 est
1389 980 1702 1038 consilium;
1734 979 1910 1031 deter-

229 1054 469 1104 minatae
492 1058 619 1104 sunt
642 1054 787 1104 enim
811 1053 1007 1104 harum
1035 1055 1275 1105 rationes
1299 1055 1544 1117 exceptis
1570 1055 1760 1116 paucis
1782 1055 1908 1105 arti-

229 1127 348 1186 bus,
394 1141 534 1192 quae
578 1133 848 1179 vocantur
891 1141 1087 1191 graece
1134 1128 1496 1179 stochasticae
1541 1128 1597 1179 id
1641 1134 1727 1180 est
1766 1128 1908 1179 arbi-

229 1203 449 1260 triosae,
486 1207 545 1253 ut
583 1202 857 1254 medicina
893 1216 983 1252 ars
1021 1207 1075 1252 et
1112 1203 1463 1266 gymnasium
1500 1208 1555 1253 et
1589 1216 1679 1253 ars
1711 1202 1909 1266 guber-

229 1276 460 1328 natoria.
514 1276 639 1327 Non
683 1277 827 1328 enim
873 1276 943 1327 de
983 1276 1069 1326 his
1114 1276 1247 1327 solis
1292 1276 1660 1335 consiliamur,
1703 1276 1800 1328 sed
1840 1276 1908 1328 de
1937 1290 1978 1326 ιε’

229 1351 332 1409 his,
363 1365 503 1415 quae
537 1351 591 1401 in
624 1351 785 1402 nobis
817 1356 873 1402 et
906 1364 1003 1414 per
1035 1365 1153 1409 nOS,
1184 1351 1451 1402 incertum
1482 1351 1704 1414 quidem
1739 1350 1908 1402 finem

230 1425 561 1477 habentibus
592 1425 1062 1490 possibilibusque
1097 1430 1150 1476 et
1185 1425 1263 1475 sic
1295 1430 1349 1476 et
1382 1424 1539 1476 aliter
1573 1424 1710 1476 fieri.
1754 1424 1909 1476 Mon-

231 1506 462 1551 stratum
486 1504 570 1550 est
597 1505 797 1558 autem,
827 1499 976 1564 quod
1003 1513 1116 1550 non
1146 1500 1286 1550 circa
1315 1499 1484 1550 finem
1509 1499 1579 1550 sit
1603 1499 1910 1562 consilium,

233 1573 331 1625 sed
357 1574 426 1625 de
455 1574 557 1633 his,
588 1588 728 1638 quae
761 1579 888 1625 sunt
915 1587 1111 1625 versus
1141 1573 1326 1625 finem.
1366 1572 1732 1624 Consiliamur
1757 1587 1908 1623 nam-

232 1662 336 1712 que
366 1663 479 1700 non
516 1648 797 1707 ditescere,
833 1647 931 1700 sed
969 1647 1251 1711 quomodo
1284 1653 1340 1698 et
1374 1660 1471 1711 per
1504 1661 1644 1710 quae
1676 1646 1907 1698 ditesca-
1935 1648 1981 1697 21?

230 1737 370 1774 mus.
417 1722 491 1775 Ut
529 1722 767 1775 breviter
804 1736 938 1774 vero
979 1722 1242 1781 dicamuS‚
1284 1721 1638 1772 consiliamur
1677 1721 1746 1772 de
1783 1735 1908 1772 con-

230 1797 570 1861 tingentibus
595 1796 897 1860 aequaliter
926 1795 1015 1847 vel
1045 1795 1378 1848 utrumlibet.
1421 1794 1485 1846 Et
1516 1795 1585 1846 de
1612 1795 1718 1856 hoc
1742 1795 1906 1846 etiam

232 1877 451 1935 oportet
482 1885 791 1923 sermonem
826 1870 1133 1929 adsumere,
1167 1875 1228 1920 ut
1260 1869 1395 1920 nihil
1431 1870 1574 1920 desit
1606 1869 1804 1920 rationi
1835 1869 1904 1920 ad

232 1946 675 2016 declarationem.
792 1945 1100 2013 Potestates
1133 1957 1267 1995 vero
1302 1944 1571 2002 dicuntur,
1607 1943 1907 1994 secundum

307 2037 324 2077 1
371 2037 595 2087 recipiunt
627 2037 674 2076 in
707 2037 879 2086 paucis
899 2036 997 2077 fieri
1028 2035 1076 2076 M
1117 2036 1298 2085 rapiunt
1329 2037 1376 2075 in
1410 2036 1568 2084 paucis
1599 2035 1637 2076 Β
1675 2035 1913 2084 capiuntur

229 2098 275 2136 in
308 2097 500 2145 paucius
525 2096 597 2137 Ho
683 2096 772 2136 hoc
804 2096 939 2145 igitur
965 2094 1045 2136 CB
1077 2096 1139 2145 ig.
1163 2095 1253 2135 hoc
1284 2091 1350 2145 (Ιι.
1376 2091 1440 2143 ο.)
1464 2094 1499 2135 Α
1630 2093 1656 2134 2
1688 2087 1837 2144 quod¹
1867 2093 1913 2133 M

229 2166 348 2205 quae
379 2156 417 2196 Β
501 2156 670 2196 dictum
703 2158 774 2196 est
802 2156 915 2205 post
946 2155 1080 2205 igitur
1108 2165 1220 2204 pon.
1243 2154 1282 2195 B
1400 2153 1427 2194 4
1456 2155 1570 2204 post
1599 2146 1913 2194 consiliamur¹

228 2226 349 2265 quae
380 2216 552 2256 desunt
589 2215 637 2255 in
674 2215 867 2264 interpr.
901 2209 1014 2252 ἀλλὰ
1049 2233 1101 2239 -
1133 2209 1616 2262 γινομένων,·εααειη
1656 2224 1745 2253 om.
1777 2213 1911 2254 codd.

230 2275 397 2316 Graeci
426 2269 518 2314 ΠΒ
598 2274 724 2323 quod
756 2273 894 2314 modo
926 2274 964 2314 Β
1042 2273 1158 2312 fiunt
1187 2272 1222 2313 A
1345 2272 1371 2312 5
1404 2283 1432 2311 a
1463 2272 1598 2324 nobis
1631 2272 1742 2312 ante
1772 2270 1911 2320 longe

225 2346 337 2384 pon.
365 2332 413 2380 C,
443 2335 557 2384 post
587 2335 692 2373 sunt
722 2333 760 2373 Β
880 2332 907 2372 6
940 2333 1212 2382 pugnabunt
1239 2331 1323 2372 AB
1354 2331 1630 2381 pugnabitur
1661 2329 1699 2371 C
1787 2329 1834 2369 in
1865 2328 1911 2369 M

228 2394 286 2433 ab
311 2393 349 2433 Β
471 2392 495 2431 7
529 2393 645 2432 fiunt
675 2403 764 2432 om.
789 2391 830 2431 D
899 2394 1004 2431 sunt
1036 2391 1082 2431 M
1113 2391 1229 2430 fiunt
1250 2390 1288 2431 Β
1408 2389 1523 2430 8-9
1555 2389 1739 2430 habent.
1771 2388 1910 2428 finem

229 2455 411 2502 transp.
442 2452 480 2492 Β
642 2451 691 2491 11
728 2453 867 2491 artem
900 2450 973 2491 vel
1006 2450 1117 2490 disc.
1150 2446 1215 2499 (h.
1240 2445 1304 2499 ο.)
1335 2449 1373 2489 Β
1525 2447 1578 2487 12
1610 2447 1770 2488 horum
1801 2447 1839 2487 Β

229 2512 388 2561 paucis
422 2514 500 2551 art.
527 2512 708 2561 transp.
733 2510 768 2551 A
880 2509 933 2550 13
964 2511 1186 2550 vocantur
1215 2519 1380 2559 graece
1404 2507 1444 2548 P
1473 2509 1654 2557 transp.
1679 2506 1713 2547 A
1747 2517 1911 2556 graece

229 2583 317 2611 om.
346 2569 426 2612 CB
517 2570 783 2620 arbitrioyse
814 2569 849 2610 A
883 2569 1077 2609 arbitroe
1107 2568 1146 2609 Β
1298 2566 1351 2607 14
1383 2559 1450 2608 et¹
1481 2577 1569 2607 om.
1594 2565 1628 2606 A
1721 2576 1909 2616 gymna-

230 2631 346 2669 sium
372 2628 413 2670 Ο
446 2630 732 2680 gymnastica
754 2628 826 2669 Ho
852 2624 1212 2677 (γυμναστικῆς),
1244 2638 1338 2667 ηοη
1366 2625 1679 2676 probabiliter
1746 2625 1909 2680 guber-

229 2690 356 2728 naria
390 2687 427 2730 C
548 2688 600 2738 17
633 2681 702 2729 et¹
733 2699 822 2728 om.
846 2687 884 2728 Β
1006 2685 1179 2726 17-18
1216 2686 1511 2726 monstratum
1543 2687 1696 2725 autem
1728 2686 1798 2724 est
1830 2681 1911 2724 CB

229 2744 295 2796 (h.
328 2744 391 2797 ο.)
425 2748 722 2788 monstratum
755 2748 906 2788 autem
938 2745 973 2787 A
1117 2744 1171 2785 19
1203 2754 1323 2794 quae
1354 2745 1459 2783 sunt
1486 2744 1600 2793 post
1629 2742 1769 2784 finem
1797 2753 1909 2793 pon.

229 2805 358 2847 PCB
489 2804 544 2845 20
578 2806 807 2847 dicessere
830 2799 890 2846 Ρ1
921 2816 1040 2846 corr.
1064 2798 1124 2845 1²⁸
1243 2801 1295 2843 21
1330 2803 1452 2843 brev.
1474 2812 1583 2843 vero
1617 2800 1850 2852 transp.A

231 2864 406 2906 22-—23
438 2865 576 2907 etiam
609 2875 685 2915 op.
711 2866 893 2916 transp.
917 2864 953 2906 A
1074 2862 1131 2905 23
1163 2863 1273 2904 ante
1303 2871 1436 2904 serm.
1462 2861 1572 2902 add.
1597 2859 1848 2903 secundum
1873 2859 1907 2900 A

291 2923 347 2964 24
380 2923 734 2966 declarationem
768 2923 807 2964 P
837 2922 1189 2965 delectationem
1221 2920 1262 2962 D
