1982 3172
150 252 206 292 59

153 474 208 514 60

163 1366 213 1406 61

164 1514 219 1555 62

236 114 304 164 38
603 107 860 153 NEMEsn
894 107 1210 154 PREMNON
1243 107 1567 155 PHYslc0N

240 243 613 296 debilissimae
653 245 825 308 partis
867 244 934 295 de
976 250 1092 296 toto
1133 259 1414 308 apparere.
1467 245 1678 298 Deinde
1719 261 1918 310 corpus

240 318 371 370 dicit
411 319 612 370 habere
656 324 930 381 potestate
972 319 1172 377 vivere,
1216 320 1380 370 etiam
1424 325 1718 384 antequam
1761 320 1920 373 fieret

239 393 437 443 anima.
490 392 633 444 Dicit
672 394 817 444 enim
861 407 1062 456 corpus
1104 399 1377 456 potestate
1418 395 1587 446 vitam
1629 395 1830 447 habere
1865 396 1919 446 in

241 481 299 518 se
336 468 475 530 ipso.
526 467 633 518 Sed
673 473 892 530 oportet
929 482 1144 530 corpus,
1185 474 1457 530 potestate
1495 470 1665 520 vitam
1696 469 1920 528 habens

240 556 362 593 esse
396 542 548 605 prius
582 547 707 593 actu
742 556 957 605 corpus.
1003 542 1110 593 Sed
1146 557 1255 594 non
1290 549 1472 605 potest
1498 549 1623 594 actu
1656 557 1778 595 esse
1807 558 1922 595 cor·
1969 556 1982 590 ε

243 631 362 679 pus,
393 622 689 678 antequam
722 617 987 679 suscipiat
1019 616 1271 667 formam.
1314 617 1545 669 Materia
1575 633 1811 681 namque
1841 624 1924 669 est

243 690 497 742 informis
534 696 590 742 et
628 706 739 742 non
781 705 997 755 corpus.
1049 691 1395 755 Impossibile
1437 693 1604 755 igitur
1641 698 1740 750 est,
1775 692 1923 755 quod

243 780 354 816 non
385 771 469 816 est
501 771 641 823 actu,
675 771 1006 829 potestatem
1038 766 1254 824 habere,
1287 771 1347 817 ut
1379 781 1446 817 ex
1472 781 1538 817 eo
1571 766 1672 818 fiat
1699 766 1924 830 aliquid.

245 839 300 890 Si
343 854 476 891 vero
521 846 574 891 et
618 854 818 903 corpus
863 846 1137 903 potestate
1184 842 1266 899 sit,
1313 841 1609 903 quomodo,
1649 841 1799 904 quod
1843 846 1926 892 est

246 919 521 977 potestate
565 928 781 978 corpus,
827 920 1100 978 potestate
1144 916 1315 966 vitam
1359 916 1414 965 in
1461 929 1518 966 se
1563 916 1686 978 ipso
1725 915 1926 966 habere
1955 925 1982 960 1¹

247 990 469 1051 potest?
520 989 694 1040 Aliter
735 990 896 1047 enim,
940 990 995 1040 in
1039 990 1161 1041 aliis
1207 989 1471 1053 possibile
1515 995 1598 1041 est
1634 990 1926 1041 habentem

248 1063 380 1125 quid
410 1077 521 1114 non
553 1064 631 1114 uti
663 1064 802 1126 ipso,
834 1065 974 1115 sicut
1004 1065 1185 1115 visum
1216 1064 1508 1115 habentem
1533 1079 1643 1115 non
1674 1064 1753 1116 uti
1780 1065 1927 1121 visu;

248 1138 301 1187 in
335 1138 519 1188 anima
551 1143 735 1189 autem
770 1138 1114 1201 impossibile
1146 1144 1230 1190 est
1262 1138 1380 1189 hoe.
1426 1138 1567 1189 Nam
1593 1152 1771 1201 neque
1805 1138 1930 1189 dor-

249 1212 423 1262 miens
465 1213 566 1263 erit
607 1212 816 1276 absque
859 1214 1181 1276 operatione
1222 1213 1453 1264 animae.
1508 1212 1718 1264 Etenim
1761 1213 1930 1263 nutri-

250 1291 336 1336 tur
393 1292 448 1337 et
493 1292 882 1350 augmentatur
927 1293 980 1338 et
1025 1288 1360 1350 imaginatur
1405 1293 1458 1350 et
1503 1286 1739 1345 anhelat,
1780 1286 1982 1350 quod1!

251 1361 609 1424 praecipuum
651 1362 799 1412 vitae
842 1362 1106 1412 indicium
1149 1367 1248 1413 est.
1303 1361 1382 1412 Ex
1426 1361 1511 1412 his
1555 1362 1722 1425 igitur
1758 1361 1932 1421 mani-

251 1435 470 1493 festum,
500 1435 650 1498 quod
682 1442 955 1498 potestate
985 1437 1170 1487 vivere
1199 1451 1309 1487 non
1340 1441 1523 1499 potest
1550 1436 1732 1487 inesse
1754 1434 1932 1494 alicui,

253 1509 350 1561 sed
395 1511 620 1561 omnino
666 1516 805 1562 actu.
863 1510 1242 1574 Principaliter
1284 1511 1429 1560 enim
1477 1510 1625 1573 quod
1670 1510 1934 1561 informat

253 1585 492 1634 animam
537 1584 672 1634 nihil
718 1590 803 1635 est
851 1585 1002 1635 aliud
1050 1585 1156 1635 nisi
1203 1586 1332 1636 vita.
1378 1584 1504 1635 Vita
1548 1585 1691 1635 enim
1741 1585 1929 1636 innata

254 1664 337 1710 est
364 1660 595 1717 animae,
625 1660 841 1722 corpori
870 1673 1002 1710 vero
1031 1664 1442 1722 consequenter.
1483 1658 1588 1714 Qui
1618 1658 1749 1710 dicit
1769 1658 1936 1722 igitur
1959 1665 1982 1700 2

256 1733 489 1785 salutem
524 1733 671 1784 idem
706 1747 843 1792 esse,
880 1734 1029 1796 quod
1065 1739 1118 1785 et
1152 1734 1338 1792 vitam,
1374 1747 1484 1784 non
1512 1734 1682 1783 vitam
1718 1733 1934 1784 animae

256 1807 400 1865 dicit,
434 1808 532 1859 sed
567 1809 813 1871 corporis
847 1814 901 1859 et
934 1808 1012 1858 sic
1044 1807 1346 1859 cavillatur.
1391 1806 1707 1870 Corporalis
1734 1807 1934 1858 etenim

256 1882 565 1933 substantia
595 1882 898 1933 secundum
930 1887 1140 1945 partem
1173 1882 1570 1932 contrariorum
1601 1886 1684 1932 est
1715 1895 1935 1944 suscep-

255 1958 382 2014 tiva,
408 1956 711 2007 secundum
738 1957 975 2019 speciem
1000 1970 1133 2008 vero
1157 1970 1521 2018 nequaquam.
1547 1955 1603 2006 Si
1627 1956 1772 2007 enim
1790 1961 1936 2006 esset

257 2031 557 2082 secundum
601 2032 839 2093 speciem
885 2031 1104 2082 diversa
1146 2031 1492 2093 permutatio,
1536 2034 1982 2092 permutaretur2

253 2111 307 2156 et
336 2105 555 2155 animal.
598 2105 838 2167 Ideoque
869 2105 1178 2156 substantia
1208 2104 1509 2155 secundum
1542 2105 1778 2167 speciem
1809 2117 1935 2154 con-

334 2225 351 2264 1
390 2225 702 2267 debilissimae
735 2228 886 2275 partes
909 2226 947 2266 Β
979 2226 1309 2267 debilissimum
1345 2226 1482 2274 partis
1506 2224 1540 2265 A
1605 2234 1824 2273 apparere
1850 2235 1936 2274 eyo

256 2287 494 2334 appareret
524 2285 562 2325 Β
607 2287 831 2334 apparent
861 2284 946 2326 PC
990 2287 1179 2335 apparet
1209 2284 1243 2325 A
1488 2283 1599 2323 1-2
1632 2293 1797 2332 corpus
1829 2281 1937 2324 dicit

258 2347 438 2394 transp.
475 2343 554 2385 CB
727 2344 752 2384 5
785 2346 888 2385 actu
920 2355 1085 2393 corpus
1117 2355 1221 2385 esse
1253 2354 1348 2383 non
1379 2345 1473 2392 pot.
1508 2342 1592 2384 CB
1622 2338 1687 2391 (h.
1720 2338 1811 2390 o.),·
1848 2342 1937 2383 has

257 2415 391 2444 voces
419 2406 534 2454 post
556 2403 725 2452 suscip.
759 2398 967 2452 (formam
992 2415 1030 2443 8.
1056 2416 1096 2444 υ.
1123 2404 1276 2454 suppl.
1302 2415 1359 2443 m.
1383 2399 1427 2452 2)
1456 2413 1568 2452 pon.
1592 2400 1626 2441 A
1750 2400 1777 2440 6
1809 2411 1936 2441 nam-

257 2460 363 2512 que]
398 2465 550 2503 autem
582 2462 617 2503 A
802 2462 826 2502 7
860 2463 1049 2503 infirmis
1081 2463 1124 2503 ΒΔ
1179 2464 1239 2512 ig.
1272 2464 1341 2502 est
1373 2463 1554 2512 transp.
1585 2459 1619 2500 A
1795 2459 1821 2500 8
1853 2470 1936 2509 ρο,

257 2524 419 2563 testate
449 2522 487 2562 Β
631 2522 658 2562 9
690 2524 917 2571 potestate
950 2533 1039 2562 om.
1070 2521 1104 2562 A
1247 2520 1295 2561 11
1334 2522 1403 2562 est
1434 2531 1523 2561 om.
1556 2519 1596 2560 D
1736 2518 1789 2559 12
1821 2519 1938 2559 sicut

256 2582 403 2621 visum
437 2581 683 2622 habentem
725 2576 847 2630 (uisfi
881 2581 941 2621 ha
973 2583 1021 2622 in
1054 2593 1149 2622 ras.
1183 2593 1240 2621 m.
1271 2576 1316 2629 2)
1351 2578 1390 2621 C
1424 2579 1463 2619 si
1495 2589 1597 2620 cum
1629 2578 1730 2619 visu
1762 2578 1936 2618 haben-

257 2642 346 2679 tem
379 2639 413 2679 A
570 2639 623 2680 16
656 2651 806 2689 praec.
838 2640 931 2680 ind.
963 2641 1085 2681 vitae
1117 2643 1187 2681 est
1215 2638 1305 2680 AC
1339 2648 1487 2687 praec.
1521 2638 1613 2678 ind.
1647 2640 1717 2678 est
1747 2637 1868 2678 vitae
1899 2637 1937 2677 Β

256 2696 321 2747 (h.
354 2695 431 2747 o.),
462 2699 573 2749 sort.
607 2710 756 2748 praec.
788 2699 909 2741 vitae
941 2702 1010 2740 est
1041 2699 1136 2740 ind.
1301 2694 1382 2746 Ex]
1416 2696 1470 2737 Et
1504 2696 1542 2738 C
1688 2697 1749 2746 ig.
1782 2694 1935 2736 manif.

257 2760 438 2808 transp.
470 2757 504 2797 A
672 2758 725 2798 18
759 2759 962 2799 omnium
993 2758 1031 2799 Β
1182 2756 1237 2797 20
1265 2759 1380 2807 post
1408 2756 1590 2796 animae
1622 2756 1733 2796 add.
1765 2757 1811 2796 et
1839 2753 1873 2795 A

257 2817 335 2865 qui
366 2817 405 2856 Ρ
435 2815 573 2862 Quod
604 2817 644 2857 D
805 2817 855 2857 21
893 2818 1019 2867 quod
1051 2814 1112 2866 et]
1147 2827 1282 2866 quam
1314 2815 1348 2856 A
1452 2807 1615 2855 vitam¹
1645 2814 1686 2855 D
1717 2813 1811 2854 vita
1840 2813 1880 2854 P

257 2874 312 2915 24
345 2886 471 2925 spec.
502 2886 611 2917 vero
645 2878 828 2926 transp.
863 2875 901 2918 C
1012 2878 1135 2917 esset
1166 2871 1255 2924 (est
1284 2871 1342 2923 A)
1370 2876 1485 2925 post
1515 2873 1786 2924 permutatio
1818 2867 1934 2921 (mu-

257 2934 368 2976 tatio
399 2931 456 2984 Β)
485 2946 597 2986 ροη.
629 2935 670 2975 D
793 2935 849 2976 25
883 2931 1228 2985 permu(taretur
1259 2935 1306 2975 in
1339 2944 1434 2975 ras.
1467 2945 1525 2974 m.
1556 2930 1602 2983 2)
1635 2931 1675 2974 C
