1982 3172
122 94 208 142 AB
243 92 507 140 ALFANO
543 92 608 138 IN
641 91 933 138 LATINUM
968 77 1407 136 TRANSLATUM
1443 88 1646 135 CAP.11
1694 96 1761 145 27

77 233 259 298 plinae
287 231 550 283 nutriunt.
591 229 700 282 Sed
731 229 945 281 nullum
976 242 1178 292 corpus
1209 227 1280 279 ab
1308 227 1636 290 incorporeo
1662 240 1759 277 nu·

76 307 256 360 tritur.
304 305 428 357 Non
475 306 641 370 igitur
687 318 888 368 corpus
932 304 1132 355 anima.
1190 302 1627 354 Xenocrates
1684 301 1761 352 sic

76 380 357 434 conclusit.
411 370 467 432 Si
511 386 696 432 autem
738 393 851 431 non
893 379 1146 437 nutritur,
1190 391 1312 429 cum
1355 389 1519 428 omne
1558 390 1760 439 corpus
1895 438 1901 443 .

75 454 329 507 animalis
360 454 646 512 nutriatur,
681 468 790 504 non
825 453 926 504 erit
962 466 1162 516 corpus
1197 446 1416 502 anima.'
1530 448 1594 501 Et
1625 449 1762 500 haec
1803 444 1893 498 157

34 541 56 578 5
76 530 299 595 quidem
328 530 690 582 communiter
719 534 908 580 contra
936 542 1048 587 eos,
1078 528 1169 591 qui
1200 527 1388 578 dicunt
1416 540 1618 590 corpus
1640 538 1762 577 esse

75 605 342 662 animam;
371 604 673 668 singularia
700 617 832 655 vero
860 603 998 654 haec
1026 603 1134 655 sint
1163 607 1354 654 contra
1380 615 1492 661 eOS,
1517 601 1609 664 qui
1638 614 1762 664 pro-

78 680 210 731 bant
247 679 574 744 sanguinem
612 678 701 730 vel
740 678 993 742 spiritum
1032 691 1155 729 esse
1193 678 1451 734 animam,
1489 676 1619 740 quia
1653 675 1763 739 spi-

78 754 184 806 ritu
217 754 305 806 vel
341 754 610 818 sanguine
645 758 903 817 separato
937 753 1169 804 moritur
1203 750 1425 802 animal.
1470 750 1594 802 Non
1625 749 1762 800 illud

79 828 388 887 dicendum,
419 828 569 892 quod
603 828 828 891 quidam
861 827 1213 878 dinoscentes
1244 839 1382 884 esse,
1414 825 1563 889 quod
1596 825 1764 888 scrip·

1 911 59 948 ⁶¹⁰
81 908 281 962 serunt,
316 903 530 954 dicunt:
577 899 765 966 ‘Igitur
801 901 1025 965 quando
1063 915 1191 965 pars
1228 901 1516 964 sanguinis
1551 899 1764 957 effluet,

78 977 276 1030 effluet
301 983 354 1029 et
381 974 633 1028 animae.'
670 976 1005 1040 Vaniloquia
1032 990 1271 1039 namque
1300 981 1428 1027 sunt
1453 975 1613 1032 haec,
1638 975 1766 1037 quia

80 1051 148 1102 de
181 1052 537 1103 homiomeris
578 1066 705 1114 pars
744 1051 930 1103 ablata
969 1051 1115 1102 idem
1155 1056 1253 1108 est,
1293 1050 1442 1114 quod
1482 1055 1535 1101 et
1573 1055 1765 1101 totum.

79 1125 173 1179 Est
202 1127 348 1178 enim
380 1140 526 1190 aqua
557 1132 610 1178 et
641 1126 814 1177 multa
846 1132 900 1178 et
929 1126 1182 1183 minima;
1210 1124 1462 1195 similiter
1491 1130 1545 1176 et
1571 1137 1766 1188 argen-

81 1207 196 1254 tum
235 1207 288 1253 et
326 1215 522 1252 aurum
562 1206 615 1253 et
654 1215 846 1253 omnes
886 1201 1083 1252 horum
1124 1206 1309 1264 partes
1343 1214 1454 1251 non
1494 1199 1767 1251 differunt

18 1282 60 1318 ¹⁵
81 1276 388 1327 abinvicem
427 1275 729 1328 secundum
768 1276 1082 1328 essentiam.
1131 1274 1220 1327 Sic
1255 1275 1422 1339 igitur
1459 1280 1513 1326 et
1548 1274 1767 1326 ablatus

83 1351 311 1414 sanguis
350 1365 461 1402 non
503 1351 686 1402 minus
726 1351 828 1402 erit
867 1351 1066 1408 anima,
1110 1364 1273 1414 quam
1316 1363 1607 1401 remanens
1645 1363 1768 1400 san-

83 1425 222 1489 guis.
269 1424 378 1477 Sed
415 1425 552 1476 illud
589 1430 673 1477 est
707 1426 887 1489 magis
925 1425 1236 1483 dicendum,
1273 1424 1422 1488 quod
1457 1425 1501 1475 si
1539 1425 1768 1488 sanguis
1810 1419 1867 1469 *6

83 1505 166 1551 est
209 1500 408 1558 anima,
456 1499 604 1585 quod
652 1514 720 1551 eo
766 1499 953 1551 ablato
1000 1500 1233 1551 moritur
1277 1498 1498 1557 animal,
1541 1499 1767 1550 omnino

82 1579 136 1626 et
167 1574 428 1639 phlegma
460 1574 644 1625 anima
678 1575 779 1626 erit
811 1580 865 1626 et
899 1574 1120 1626 cholera
1150 1579 1399 1639 utraque.
1439 1573 1769 1630 Qualecum-

17 1653 189 1712 20.que
234 1662 472 1713 namque
518 1663 708 1701 eorum
758 1649 1036 1707 defecerit,
1084 1649 1254 1700 finem
1301 1650 1449 1701 vitae
1495 1649 1769 1700 conducit.

82 1723 337 1787 Amplius
383 1738 627 1787 quoque:
684 1724 740 1775 Si
786 1724 983 1775 horum
1032 1724 1320 1788 quodlibet
1364 1724 1550 1774 anima
1593 1729 1677 1775 est
1717 1729 1770 1774 et
1812 1728 1878 1776 ψ’

83 1796 255 1860 hepar
296 1802 350 1849 et
395 1798 675 1850 cerebrum
721 1803 775 1848 et
820 1812 912 1849 cor
956 1803 1009 1849 et
1055 1797 1373 1849 stomachus
1415 1803 1469 1848 et
1515 1811 1673 1848 renes
1713 1803 1767 1848 et

86 1871 344 1924 intestina
382 1878 436 1924 et
474 1872 590 1924 aliav
622 1873 811 1925 multa.
863 1873 1124 1930 Quolibet
1164 1875 1308 1924 enim
1348 1873 1546 1924 horum
1582 1873 1770 1925 ablato

88 1946 318 1999 moritur
364 1947 584 1998 animal.
642 1947 751 1999 Sed
800 1954 853 2000 et
899 1948 1074 2000 multa
1122 1954 1249 2000 sunt
1295 1962 1406 2000 non
1450 1949 1772 2012 sanguinea,
1815 1952 1874 1993 18

24 2030 69 2066 25
91 2020 334 2072 animata
360 2035 509 2080 ver0,
536 2027 596 2073 ut
625 2036 765 2085 quae
795 2022 1050 2074 dicuntur
1079 2022 1319 2074 selachia
1342 2028 1396 2073 et
1424 2022 1664 2073 malakia
1687 2036 1780 2073 ve-

90 2094 170 2147 lut
208 2086 382 2176 sipid‘e
420 2101 474 2148 et
510 2095 789 2160 lolligines
827 2103 879 2149 et
918 2098 1079 2163 smyli
1118 2104 1171 2149 et
1205 2099 1392 2149 omnia
1429 2097 1775 2149 ostracoder-

161 2212 314 2258 2³non
331 2217 512 2268 *igitur
542 2213 685 2266 (eras.
711 2215 833 2267 est?)
857 2219 897 2259 Ρ
925 2230 1035 2269 ergo
1068 2230 1163 2260 non
1196 2222 1266 2260 est
1293 2219 1331 2260 Β
1400 2218 1683 2260 Xenocrates
1707 2218 1779 2258 Ho

87 2275 387 2318 Scenocrates
418 2275 548 2318 PCB
587 2276 860 2320 Senocrates
890 2278 925 2319 A
1043 2278 1069 2319 3
1100 2278 1285 2320 inclusit
1314 2279 1352 2319 Β
1457 2277 1485 2318 4
1517 2278 1607 2319 hoc
1638 2277 1725 2319 AC

89 2335 114 2375 5
146 2345 251 2377 esse
283 2346 357 2377 an.
390 2337 574 2387 transp.
599 2335 632 2376 A
728 2337 755 2377 6
787 2340 892 2378 sunt
923 2337 956 2378 A
1022 2335 1234 2388 probant]
1269 2338 1427 2379 dicunt
1457 2337 1492 2378 A
1590 2336 1644 2377 10
1678 2348 1781 2386 pars

89 2395 230 2436 etiam
263 2397 376 2437 ante
414 2396 597 2437 animae
630 2398 828 2447 exspect.
1039 2397 1211 2439 effluet.
1244 2397 1403 2439 effluet
1434 2397 1473 2437 Ρ
1510 2396 1669 2438 effluet
1698 2395 1786 2438 AC

90 2453 234 2495 effluit
255 2454 294 2495 Β
364 2454 413 2495 11
450 2466 651 2506 namque
676 2467 764 2496 om.
783 2456 821 2496 B
895 2455 949 2496 12
981 2456 1277 2498 homiomeris
1302 2468 1388 2506 eyo
1414 2456 1679 2497 omiomeris
1702 2455 1787 2497 PC

90 2514 339 2555 omiomiris
369 2514 408 2556 Β
441 2510 530 2565 (sle
560 2517 836 2557 constanter
866 2512 981 2566 fere)
1023 2517 1222 2557 minimis
1253 2515 1287 2556 A
1322 2516 1664 2557 homoeomeris
1694 2516 1783 2564 Ho,

90 2573 175 2613 sed
205 2573 260 2624 cf.
284 2577 350 2623 25,
370 2577 443 2615 13·
479 2577 526 2616 et
555 2574 642 2617 PC
671 2578 739 2616 est
763 2575 797 2616 A
832 2586 922 2616 om.
947 2575 985 2616 B
1070 2574 1124 2616 14
1157 2586 1313 2616 eorum
1338 2575 1377 2615 Β
1470 2574 1523 2615 15
1557 2578 1602 2616 et
1633 2586 1723 2616 om.
1748 2576 1785 2617 Β

153 2630 204 2671 17
237 2635 306 2674 est
330 2644 449 2684 mag.
474 2635 657 2686 transp.
681 2634 719 2676 Β
788 2634 915 2685 quod
938 2635 977 2675 Ρ
1006 2635 1114 2685 quia
1137 2635 1175 2675 Β
1206 2646 1295 2675 om.
1320 2633 1407 2675 AC
1509 2633 1563 2674 19
1595 2645 1670 2676 an.
1703 2636 1785 2676 erit

91 2692 274 2742 transp.
304 2691 343 2732 B
433 2691 488 2734 19
520 2692 869 2744 Qualecumque
902 2705 1102 2744 namque
1134 2694 1180 2734 M
1221 2692 1560 2743 Quodcumque
1592 2695 1715 2735 enim
1748 2695 1785 2735 Β

151 2749 208 2790 20
239 2761 396 2792 eorum
420 2763 511 2794 om.
538 2747 597 2795 C¹
619 2754 774 2805 suppl.
802 2746 859 2795 C²
884 2755 937 2794 ut
960 2754 1052 2794 old.
1131 2752 1186 2793 22
1219 2764 1289 2795 res
1320 2752 1354 2794 A
1435 2752 1491 2794 23
1523 2753 1614 2794 alia
1645 2754 1786 2795 multa

92 2811 275 2862 transp.
299 2810 338 2851 Β
419 2810 476 2852 24
507 2815 554 2854 et
584 2824 673 2854 om.
698 2813 736 2854 Β
812 2812 867 2853 25
902 2813 1097 2853 malakia
1129 2808 1366 2863 (μαλάκια)
1398 2824 1485 2864 eqo
1518 2813 1727 2865 malakya
1750 2814 1789 2855 Ρ

95 2869 320 2912 malachia
343 2869 384 2912 D
449 2870 505 2913 26
535 2872 684 2923 siplae
709 2868 891 2925 (sypiae
906 2869 963 2923 Β)
981 2871 1023 2914 0
1055 2873 1217 2923 sepiae
1241 2867 1434 2924 (εηπίαι)
1450 2873 1539 2924 Ho,
1572 2874 1629 2924 cf.
1653 2877 1719 2924 25,
1737 2877 1787 2915 13

153 2927 384 2982 lolligines
407 2929 441 2971 A
476 2930 674 2983 uligines
700 2931 827 2975 PCB
911 2931 1042 2984 smyli
1067 2932 1106 2972 Ρ
1135 2932 1257 2973 sinili
1288 2931 1321 2973 A
1357 2930 1524 2973 similia
1559 2931 1640 2975 CB
