1982 3172
219 114 321 164 116
582 104 838 152 NEMESII
871 104 1187 152 PREMNON
1219 102 1544 153 PHYSICON

213 242 509 293 luntarium
542 257 678 300 esse,
715 244 868 292 cuius
902 244 1115 293 initium
1150 250 1233 293 est
1266 245 1319 292 in
1354 244 1548 294 eodem
1581 245 1783 295 sciente
1812 258 1891 301 eat

156 327 180 367 3
214 331 354 379 quae
387 330 483 380 per
520 317 754 379 singula.
801 316 1094 373 Quaeritur
1129 324 1329 375 autem,
1366 319 1426 376 si,
1461 331 1601 380 quae
1633 331 1667 369 a
1694 324 1893 370 natura

154 402 179 441 4
212 391 370 449 fiunt,
405 391 718 442 voluntaria
757 393 865 442 sint
900 397 961 442 ut
999 391 1236 454 digestio
1274 397 1327 442 et
1363 397 1736 454 augmentum.
1781 391 1890 443 Sed

210 472 588 516 monstrantur
607 465 744 516 haec
769 479 869 516 nec
893 465 1208 516 voluntaria
1232 479 1355 516 esse
1381 479 1482 516 nec
1507 466 1891 518 involuntaria.

211 540 351 589 Nam
395 539 769 590 voluntarium
814 546 868 590 et
910 539 1341 591 involuntarium
1385 546 1468 591 est
1510 542 1565 590 in
1606 541 1708 600 his,
1749 555 1890 604 quae
1939 558 1963 592 5

212 620 338 665 sunt
372 615 426 663 in
463 613 648 672 nobis;
686 614 924 677 digestio
963 621 1146 665 autem
1184 620 1238 665 et
1273 621 1631 677 augmentum
1664 629 1775 666 non
1805 621 1891 667 est

209 690 262 737 in
301 689 476 739 nobis.
529 687 703 747 Unde,
741 689 846 739 etsi
886 703 983 751 per
1024 689 1244 752 singula
1282 690 1602 752 ignoremus
1637 690 1694 739 in
1727 689 1888 745 nobis

151 774 175 813 5
207 763 345 812 haec
381 776 517 820 esse,
557 776 659 814 nec
695 762 1011 814 voluntaria
1051 768 1179 814 sunt
1217 777 1318 814 nec
1356 763 1741 814 involuntaria.
1790 763 1889 814 Illa

205 851 354 895 ver0,
397 851 541 900 quae
582 843 709 889 sunt
751 851 847 900 per
890 837 1134 888 furorem
1178 844 1230 889 et
1273 838 1622 897 desiderium,
1664 844 1887 889 ostensa

207 918 334 962 sunt
366 911 696 963 voluntaria.
747 912 888 962 Nam
925 918 978 963 et
1017 918 1259 963 correcta
1295 912 1591 963 laudantur
1627 918 1680 963 et
1715 912 1887 963 delin-
1916 926 1959 962 10

208 987 431 1048 quentia
462 987 845 1049 vituperantur
880 986 969 1037 vel
1006 986 1267 1037 odiuntur
1301 992 1356 1037 et
1393 986 1683 1038 delectatio
1719 992 1772 1038 et
1805 986 1887 1037 af·

207 1060 381 1110 flictio
424 1074 489 1111 ea
535 1061 888 1124 consequitur
929 1066 983 1111 et
1024 1074 1215 1111 eorum
1260 1061 1475 1111 initium
1519 1061 1573 1110 in
1611 1061 1750 1124 ipsis
1788 1067 1886 1112 est.

207 1135 263 1184 In
309 1136 446 1198 ipsis
491 1149 731 1197 namque
775 1141 891 1185 erat
937 1149 971 1185 a
1016 1135 1369 1197 passionibus
1416 1141 1526 1185 tam
1571 1135 1733 1186 facile
1774 1148 1885 1185 non

149 1220 174 1259 6
206 1209 564 1272 apprehendi,
586 1210 715 1271 quia
741 1223 837 1271 per
860 1209 1038 1259 bonos
1063 1223 1246 1259 mores
1273 1208 1405 1259 talia
1431 1209 1790 1272 corriguntur.
1822 1208 1887 1260 Et

205 1283 377 1341 aliter,
408 1284 453 1334 si
484 1283 621 1333 haec
652 1291 836 1334 essent
867 1283 1253 1340 involuntaria,
1286 1297 1387 1333 nec
1417 1282 1644 1345 aliquod
1673 1284 1885 1334 irratio·
1913 1298 1955 1332 15

203 1358 469 1407 nabilium
514 1357 834 1407 animalium
879 1357 1016 1408 haec
1058 1364 1245 1420 ageret
1290 1372 1388 1407 nec
1430 1358 1595 1408 etiam
1652 1357 1883 1420 parvuli.

206 1431 364 1482 Nunc
390 1446 523 1482 vero
557 1446 667 1482 non
701 1432 779 1482 sic
810 1431 1057 1482 habetur.
1102 1431 1367 1482 Videmus
1398 1432 1543 1482 enim
1574 1431 1883 1482 voluntarie

203 1508 326 1568 ipsa
362 1507 431 1556 ad
474 1521 655 1556 escam
694 1507 971 1557 venientia
1008 1512 1063 1556 et
1100 1520 1210 1556 non
1250 1520 1346 1567 per
1382 1505 1700 1556 violentiam
1739 1504 1883 1569 (ipsa

203 1582 347 1631 enim
370 1587 495 1631 sunt
521 1594 617 1643 per
642 1595 700 1631 se
724 1578 1027 1643 moventia)
1053 1594 1154 1630 nec
1175 1580 1512 1642 ignorantia;
1532 1593 1714 1630 escam
1736 1580 1879 1630 enim

201 1669 313 1706 non
352 1657 624 1718 ignorant,
667 1662 727 1706 ut
766 1654 1011 1705 videntia
1053 1668 1234 1704 escam
1278 1653 1615 1704 delectentur
1654 1659 1707 1704 et
1745 1659 1880 1704 tam·
1907 1659 1979 1704 20'

204 1744 369 1792 quam
410 1730 481 1780 ad
526 1744 638 1780 rem
679 1735 869 1781 notam
911 1734 1238 1779 moveantur
1278 1734 1333 1778 et
1373 1742 1483 1778 non
1525 1728 1880 1791 percipientia

202 1803 546 1866 affligantur.
577 1803 686 1854 Sed
710 1802 1008 1854 voluntarii
1032 1808 1185 1852 erant
1210 1802 1426 1860 indicia,
1451 1803 1506 1851 in
1532 1803 1880 1864 contingente

204 1879 511 1936 delectatiO,
533 1879 587 1927 in
615 1892 725 1928 non
753 1878 1103 1939 contingente
1130 1890 1263 1926 vero
1291 1875 1542 1926 afflictio,
1580 1875 1659 1926 Ex
1682 1875 1880 1938 quibus

203 1959 368 2015 patet,
401 1953 549 2019 quod
583 1951 957 2002 voluntarium
991 1951 1192 2001 habeat
1228 1951 1561 2000 desiderium
1597 1956 1762 2012 atque
1795 1949 1879 2000 fu-

202 2041 404 2084 rorem;
434 2027 633 2077 etenim
669 2026 823 2076 furor
855 2040 976 2075 cum
1013 2025 1374 2076 delectatione
1409 2024 1473 2075 fit
1504 2030 1557 2075 et
1587 2024 1877 2074 desiderio,
1905 2039 1950 2075 25

146 2111 168 2150 7
204 2101 412 2151 Dicitur
451 2107 634 2151 autem
674 2099 1018 2151 voluntarias
1057 2113 1167 2149 non
1210 2099 1316 2149 dici
1356 2098 1594 2149 morales
1634 2099 1878 2149 virtutes.

279 2224 296 2264 1
335 2223 497 2264 eadem
530 2224 568 2263 B
749 2221 861 2261 1—-2
903 2233 958 2262 ea
991 2218 1126 2270 quae]
1169 2232 1318 2270 eaque
1350 2221 1387 2260 Β
1565 2219 1591 2258 2
1620 2221 1733 2269 post
1763 2220 1882 2269 sing.

201 2286 245 2325 (I.
279 2286 307 2324 ι’.
341 2296 381 2324 υ.
425 2278 474 2321 ἑν
508 2276 575 2320 οἷ(
606 2279 635 2330 ἡ
670 2280 828 2330 πρᾶξις
1010 2279 1161 2326 Quare
1195 2274 1252 2321 C¹
1294 2291 1414 2320 corr.
1447 2281 1493 2319 in
1525 2290 1674 2328 mary.
1707 2272 1766 2319 C³

201 2343 227 2383 3
259 2343 375 2383 fiunt
405 2343 446 2383 D
480 2342 643 2382 luerint
674 2341 713 2381 Ρ
840 2341 866 2380 6
899 2344 969 2381 est
999 2340 1045 2380 M
1078 2342 1182 2379 sunt
1213 2340 1263 2388 B,
1296 2339 1351 2389 cf.
1387 2342 1473 2387 118,
1493 2341 1542 2378 13
1581 2340 1804 2386 repugnat
1835 2337 1881 2377 Μ

202 2405 459 2452 repugnant
489 2402 526 2442 B
647 2401 671 2441 7
706 2402 790 2441 etsi
824 2411 912 2440 om.
938 2400 971 2440 A
1097 2398 1210 2438 7—8
1244 2399 1358 2438 haec
1387 2399 1500 2448 post
1532 2398 1624 2446 ign.
1650 2407 1761 2446 pon.
1786 2396 1820 2437 A

201 2462 227 2502 8
261 2465 367 2502 sunt
394 2458 508 2511 pos}
539 2460 676 2500 invol.
705 2471 816 2510 pon.
849 2460 883 2500 A
1066 2457 1210 2497 8—10
1242 2457 1322 2497 Illa
1355 2477 1406 2483 —
1440 2456 1692 2496 voluntaria
1724 2467 1813 2496 om.
1844 2455 1879 2496 A
1967 2490 1970 2491 γ

205 2521 257 2560 10
289 2524 496 2570 correpta
527 2521 560 2561 A
687 2518 741 2558 14
774 2516 869 2568 per]
903 2519 981 2567 qui
1014 2512 1119 2558 AC¹
1150 2528 1268 2557 corr.
1302 2517 1349 2556 in
1380 2527 1528 2566 mat-y.
1562 2507 1620 2556 0³
1734 2525 1882 2555 mores

202 2581 374 2620 habent
400 2580 508 2619 talia
533 2576 706 2628 corrig÷
731 2579 765 2618 A
862 2577 915 2617 15
948 2577 1136 2626 aliquod
1160 2587 1214 2616 ex
1238 2575 1411 2624 aliquid
1435 2586 1553 2615 corr.
1578 2581 1606 2625 p
1641 2574 1815 2623 aliquid
1838 2571 1880 2614 Ο

263 2638 436 2679 15-——16
468 2639 641 2688 aliquid
669 2640 782 2688 post
812 2638 949 2677 anim.
979 2648 1090 2685 pon.
1123 2636 1157 2676 A
1286 2634 1340 2674 16
1368 2635 1460 2680 hoc
1491 2633 1531 2673 D
1663 2632 1714 2672 17
1747 2631 1881 2673 Nunc

204 2718 254 2724 —-
291 2699 481 2738 habetur
513 2709 601 2738 om.
633 2697 668 2737 A
831 2695 1003 2736 18—19
1035 2696 1136 2744 ipsa
1170 2713 1221 2720 —
1256 2693 1511 2744 ignorantia
1542 2693 1757 2742 duplicat
1783 2692 1820 2733 A

205 2757 257 2797 19
290 2754 460 2805 escam]
494 2758 596 2806 ipsa
619 2757 653 2797 A
778 2755 833 2795 20
866 2755 1149 2796 delectuntur
1171 2754 1205 2794 A
1327 2752 1378 2792 21
1414 2755 1567 2792 natam
1591 2751 1626 2792 A
1748 2750 1799 2792 21
1835 2753 1883 2792 et

202 2816 257 2855 23
290 2827 384 2856 non
416 2827 504 2856 om.
537 2817 577 2856 D
700 2815 756 2855 24
788 2815 914 2865 quod
943 2815 981 2855 B
1012 2817 1060 2853 ut
1091 2812 1137 2852 M
1257 2812 1312 2852 25
1344 2811 1396 2852 fit
1426 2813 1538 2851 ante
1569 2821 1671 2850 cum
1699 2821 1812 2860 pon.
1841 2810 1878 2850 A

261 2877 371 2915 ante
404 2875 548 2915 desid.
581 2876 625 2915 d.
653 2875 680 2914 i.
707 2886 746 2914 υ.
780 2870 930 2912 ἄλλως
962 2868 1043 2910 ἐάν
1074 2880 1142 2910 τι(
1173 2867 1230 2909 τὰ
1263 2866 1336 2909 διὰ
1367 2866 1515 2918 θυμὸν
1540 2866 1613 2908 καὶ
1674 2869 1730 2909 26
1763 2879 1878 2910 mor-

203 2935 315 2974 tales
348 2936 386 2974 D
