1982 3172
514 105 598 150 DE
631 104 960 151 ANHELITU
994 103 1132 151 CAP.
1159 103 1355 149 XXVIII
1686 109 1781 158 137

93 243 274 305 ipsum
303 256 394 293 cor
425 242 627 294 virtute
658 241 898 293 animali.
942 241 1067 304 Ipsa
1098 255 1338 304 namque
1367 246 1465 299 est,
1495 254 1635 303 quae
1663 254 1778 291 mo·
1820 249 1872 289 12

91 322 184 368 vet
211 317 575 368 instrumenta
609 316 885 368 anhelitus
919 331 1015 379 per
1048 316 1332 367 musculos
1364 321 1419 367 et
1452 316 1629 378 primo
1662 315 1779 378 qui-

95 391 218 443 dem
266 392 564 443 thoracem.
615 392 679 443 Et
730 406 852 443 cum
905 392 1011 443 hoc
1061 398 1440 443 commovetur
1489 391 1679 454 pulmo
1727 397 1780 442 et

93 466 347 517 tracheae
403 467 651 525 arteriae,
698 480 837 530 quae
883 472 1010 517 sunt
1054 471 1239 529 partes
1286 465 1580 527 pulmonis.
1637 464 1777 515 Nam

47 541 345 592 5tracheae
388 542 620 592 arteriae
666 541 814 604 quod
856 546 942 591 est
987 540 1455 604 cartilaginosum,
1498 540 1653 590 vocis
1697 545 1780 590 est

93 616 541 671 instrumentum;
567 616 899 667 conexiones
927 629 1061 666 vero
1088 616 1225 672 eius,
1257 628 1397 678 quae
1428 620 1556 665 sunt
1583 614 1637 664 in
1664 628 1780 664 mo-

94 689 225 740 dum
258 690 718 748 membranarum,
756 691 1121 741 instrumenta
1157 695 1284 740 sunt
1320 689 1620 745 anhelitus;
1658 689 1781 752 ipsa

92 778 224 816 vero
252 765 468 823 arteria,
502 779 645 828 quae
675 771 890 816 constat
921 778 990 815 ex
1022 764 1108 815 his
1141 765 1402 827 utrisque,
1431 764 1586 814 vocis
1616 763 1778 814 simul

92 845 147 890 et
167 839 443 891 anhelitus
469 840 656 890 existit
682 852 970 902 organum.
1009 838 1103 889 Est
1131 840 1297 902 igitur
1325 838 1516 902 pulmo
1541 838 1781 900 comple-

29 927 71 962 ιο
93 915 185 964 xio
214 919 474 965 constans
506 927 573 964 ex
606 913 722 963 1111:
755 927 823 964 ex
855 913 1078 965 trachea
1109 914 1309 964 arteria
1335 919 1391 964 et
1419 912 1526 963 levi
1560 918 1613 964 et
1638 927 1779 964 vena

93 994 146 1039 et
189 1001 454 1051 spumosa
501 1001 662 1038 carne
705 988 953 1039 eiusdem
1002 987 1298 1050 pulmonis,
1344 1001 1485 1050 quae
1531 1001 1657 1038 caro
1702 1001 1781 1038 re-

94 1061 207 1125 plet
231 1062 486 1126 regiones
517 1062 790 1125 complexi
822 1062 1101 1125 pulmonis
1131 1076 1285 1113 more
1316 1062 1610 1120 straminiS,
1641 1076 1781 1124 quae

95 1142 222 1188 sunt
251 1137 305 1187 in
340 1137 524 1188 medio
560 1137 794 1187 duarum
830 1138 1153 1188 arteriarum
1188 1142 1243 1188 et
1274 1150 1465 1195 venae,
1497 1142 1557 1187 ut
1584 1137 1780 1187 harum

95 1210 254 1262 fieret
286 1211 446 1263 sedes
483 1218 648 1275 atque
681 1211 979 1262 vinculum.
1028 1211 1245 1262 Imbibit
1280 1217 1464 1263 autem
1502 1225 1628 1262 caro
1662 1211 1783 1274 pul-

31 1299 73 1334 15
95 1286 274 1337 monis
295 1285 618 1338 naturaliter
643 1287 912 1349 spiritum,
939 1286 1411 1349 quemadmodum
1436 1286 1609 1348 hepar
1636 1286 1785 1349 sugit

95 1362 382 1413 humorem
413 1376 444 1412 a
472 1368 678 1413 ventre.
695 1362 950 1425 Ideoque,
966 1363 1212 1425 uthepar
1226 1363 1485 1414 extremis
1503 1363 1787 1413 summita-

95 1435 242 1486 tibus
265 1437 380 1486 suis
408 1438 762 1488 circumtenet
788 1443 1035 1488 ventrem
1053 1436 1413 1488 calefactione
1428 1437 1784 1500 indigentem,

97 1511 174 1560 sic
209 1516 263 1561 et
299 1510 490 1574 pulmo
530 1511 773 1561 medium
814 1511 1182 1573 apprehendit
1219 1512 1274 1561 in
1311 1511 1538 1562 circuitu
1575 1525 1668 1562 cor
1705 1512 1784 1562 in-

97 1584 293 1648 digens
323 1584 721 1648 infrigdatione
771 1589 840 1639 ab
882 1588 1140 1639 anhelitu.
1199 1587 1559 1652 Coniungitur
1602 1593 1785 1639 autem

27 1673 72 1708 20
94 1658 349 1710 tracheae
376 1660 609 1710 arteriae
645 1659 1005 1710 continuatim
1039 1665 1244 1722 guttur,
1281 1659 1430 1722 quod
1467 1664 1682 1710 constat
1713 1673 1783 1710 ex

92 1733 268 1784 tribus
308 1734 526 1796 magnis
570 1733 1001 1797 cartilaginibus,
1043 1734 1171 1784 huic
1210 1748 1344 1785 vero
1387 1733 1537 1792 faux,
1581 1734 1782 1784 deinde

95 1821 158 1858 os
197 1813 252 1858 et
291 1822 478 1859 nasus.
531 1808 632 1859 Per
674 1814 907 1872 utraque
949 1823 1187 1872 namque
1229 1809 1366 1859 haec
1404 1809 1673 1860 trahimus
1712 1809 1781 1859 ab

93 1882 435 1933 extrinsecus
465 1896 672 1939 aerem;
709 1883 873 1934 intrat
906 1889 1091 1934 autem
1126 1883 1255 1934 inde
1291 1897 1387 1946 per
1421 1898 1484 1934 os
1518 1884 1782 1946 spongio-

96 1971 217 2007 sum
235 1962 290 2007 et
314 1956 535 2019 quidem
559 1957 613 2007 in
636 1957 865 2008 modum
890 1959 1091 2021 pontis,
1116 1958 1265 2020 quod
1287 1958 1413 2009 ideo
1437 1958 1780 2020 perforatum

27 2047 73 2082 25
94 2036 192 2090 est,
223 2037 283 2082 ut
317 2031 371 2081 in
406 2032 905 2094 permutationibus
940 2033 1083 2084 aeris
1120 2033 1422 2084 secundum
1459 2033 1780 2095 qualitatem

93 2119 443 2169 nequaquam
488 2106 769 2156 cerebrum
815 2106 1067 2158 laedatur
1109 2122 1142 2157 a
1187 2108 1416 2170 copioso
1462 2108 1657 2170 spiritu
1702 2108 1781 2158 in-

96 2179 310 2231 cidente
351 2181 403 2230 in
448 2180 646 2243 ipsum.
698 2180 855 2243 Opus
897 2195 1030 2232 vero
1073 2182 1267 2233 habuit
1306 2182 1360 2231 in
1399 2182 1504 2232 hac
1541 2196 1597 2233 re
1640 2196 1778 2233 naso

175 2316 190 2356 1
238 2327 439 2366 namque
472 2319 542 2357 est
575 2327 694 2366 quae
728 2317 885 2358 moliet
925 2313 1015 2367 (est
1048 2329 1138 2368 que
1178 2330 1214 2359 s.
1248 2303 1289 2358 v,
1321 2319 1476 2368 suppl.
1510 2330 1568 2359 m.
1602 2319 1703 2360 rub.
1737 2320 1790 2359 nt

94 2373 206 2427 oid.)
234 2374 271 2418 C
391 2376 417 2416 3
451 2379 656 2417 movetur
679 2376 720 2416 D
835 2377 861 2417 5
894 2370 987 2418 est¹
1018 2389 1108 2418 om.
1133 2370 1201 2418 D'
1236 2378 1364 2418 vocis
1396 2380 1467 2418 est
1499 2379 1681 2428 transp.
1709 2377 1790 2419 CB

155 2435 179 2475 7
213 2436 579 2476 membranorum
612 2435 646 2477 A
800 2436 827 2476 9
860 2436 1091 2486 pulmonls
1123 2437 1157 2477 Α
1314 2436 1368 2477 10
1400 2437 1488 2478 levi
1521 2437 1593 2478 Ho
1626 2431 1788 2487 (λείας)

94 2494 186 2535 leni
220 2493 261 2536 Ο
379 2495 433 2535 12
466 2488 728 2548 complexi<
733 2489 873 2548 onis>
905 2496 977 2537 Ηο
1040 2507 1160 2546 quae
1192 2496 1239 2537 M
1271 2497 1395 2546 quod
1428 2497 1466 2537 B
1574 2496 1627 2537 14
1660 2495 1790 2538 fieret

95 2555 232 2595 sedes
265 2556 458 2605 transp.·
482 2554 588 2604 CB,·
620 2557 821 2605 exspect.
854 2555 983 2596 fleret
1012 2558 1126 2606 post
1155 2556 1274 2596 vinc.
1460 2556 1512 2596 15
1547 2556 1661 2607 fugit
1692 2557 1730 2597 Β

98 2642 151 2683 18
183 2646 229 2683 et
259 2655 349 2684 om.
373 2643 408 2685 Α
487 2643 836 2694 comprehendit
867 2655 945 2685 cor
976 2645 1023 2685 in
1056 2618 1107 2686 (ξὲ
1139 2644 1173 2686 Α
1301 2644 1355 2686 19
1387 2639 1786 2699 infrigdati<one>

94 2714 180 2753 eyo
212 2703 269 2753 cs.
303 2706 391 2752 105,
411 2708 461 2745 18
502 2703 737 2754 infrigdati
770 2697 830 2745 Ρι
873 2703 1105 2754 infrigdari
1138 2697 1292 2746 P'AC
1333 2705 1584 2756 Infrlgidarl
1615 2706 1653 2747 Β

96 2761 145 2802 21
183 2761 290 2802 hinc
321 2761 355 2803 A
494 2762 550 2803 22
583 2763 849 2804 attrahimus
880 2763 915 2804 A
1009 2757 1176 2816 assent}
1208 2763 1248 2804 Ρ
1383 2763 1439 2805 24
1470 2765 1578 2807 ideo
1613 2763 1654 2807 Ο
1693 2764 1786 2806 imo

94 2821 166 2862 Ho
198 2821 275 2862 vix
302 2822 616 2871 probabiliter
736 2822 911 2864 24—25
946 2823 1228 2873 perforantur
1260 2826 1330 2864 est
1352 2824 1390 2865 Β
1512 2824 1567 2865 25
1600 2821 1710 2866 secu
1737 2824 1786 2874 C,

94 2881 151 2932 cf.
177 2882 288 2922 adn.
314 2884 402 2931 138,
421 2886 581 2923 12—13
613 2883 695 2924 sed
720 2883 757 2923 B
880 2881 935 2923 26
969 2894 1055 2923 nec
1088 2894 1318 2934 quaquam
1344 2884 1382 2924 Β
1466 2895 1493 2925 a
1517 2884 1600 2926 ΡΑ
1635 2887 1682 2926 et
1707 2883 1788 2926 CB

153 2939 209 2980 27
241 2950 350 2981 vero
385 2970 394 2981 .
421 2971 431 2981 .
465 2940 552 2983 hac
583 2952 630 2983 re
661 2943 702 2983 Ρ
730 2942 852 2983 enim
889 2972 899 2983 .
926 2972 937 2984 .
970 2953 1075 2984 aere
1106 2942 1148 2983 D

1821 398 1873 439 13

1823 847 1873 886 14

1824 1220 1875 1260 15

1823 1593 1876 1633 16

1821 2189 1872 2229 17
