1982 3172
236 128 306 178 62
603 117 858 168 NEMESII
893 119 1207 170 PREMNON
1241 121 1565 170 PHYSICON

761 329 877 399 DE
927 331 1402 400 ELEMENTIS

167 514 170 517 ,
326 467 667 518 Elementum
693 468 1034 518 mundanum
1063 475 1147 520 est
1175 483 1302 532 pars
1319 470 1542 520 minima
1557 469 1918 522 confectionis

168 551 212 591 2
238 554 545 604 corporum.
580 540 718 592 Sunt
746 547 930 592 autem
956 541 1229 593 elementa
1259 547 1541 604 quattuor:
1570 548 1727 601 terra,
1755 557 1914 605 aqua,

239 629 346 673 aer,
371 617 530 678 ignis,
562 615 884 667 coordinata
913 615 1215 666 secundum
1247 616 1539 666 dicendum
1570 616 1819 667 ordinem
1847 617 1917 667 ab

237 689 590 740 inferioribus
614 689 685 740 ad
717 691 1003 753 superiora
1032 704 1278 753 corpora.
1320 689 1554 753 Ipsaque
1585 696 1710 742 sunt
1739 691 1915 753 prima
1965 707 1982 740 ε

236 771 289 814 et
327 763 599 827 simplicia
640 778 873 827 corpora
912 771 1176 827 quantum
1217 765 1288 814 ad
1329 765 1452 815 alia.
1502 764 1714 816 Etenim
1751 778 1913 816 omne

235 838 567 889 elementum
598 840 761 890 unius
795 840 1012 902 generis
1045 845 1130 890 est
1161 839 1263 897 his,
1299 853 1531 901 quorum
1566 845 1648 890 est
1677 839 1913 890 elemen-

237 919 367 962 tum.
421 912 754 976 Principium
801 913 1022 976 quidem
1065 927 1175 964 non
1219 920 1304 964 est
1348 914 1510 964 unius
1553 914 1771 976 generis
1811 913 1912 971 his,

237 1000 469 1049 quorum
494 993 577 1037 est
607 988 952 1050 principium,
980 987 1309 1039 elementum
1338 1001 1470 1038 vero
1500 989 1724 1038 omnino
1752 988 1915 1038 unius

235 1062 453 1123 generis
491 1067 590 1112 est.
643 1060 807 1118 Quod
847 1068 1031 1112 autem
1073 1068 1218 1113 terra
1255 1068 1310 1113 et
1349 1076 1507 1124 aqua,
1547 1076 1639 1113 aer
1679 1067 1732 1113 et
1767 1063 1912 1125 ignis
1945 1077 1982 1112 ιο

236 1137 343 1186 sint
387 1135 673 1195 elementa,
720 1128 1092 1187 manifestum.
1148 1135 1359 1187 Etenim
1406 1138 1461 1186 in
1505 1137 1592 1187 his
1636 1141 1913 1187 extremae

237 1209 531 1272 qualitates
560 1216 834 1272 potestate
866 1216 921 1261 et
953 1216 1076 1261 actu
1110 1210 1439 1261 manifestae
1473 1216 1614 1261 sunt.
1657 1209 1766 1260 Sed
1795 1210 1915 1260 nul-

238 1286 348 1333 lum
385 1284 581 1334 horum
624 1285 965 1335 sensibilium
1002 1285 1400 1335 elementorum
1440 1283 1676 1347 simplex
1713 1290 1768 1335 et
1802 1297 1910 1335 non

235 1358 499 1409 infectum
542 1365 626 1410 est
670 1358 781 1410 alio
826 1358 1114 1410 elemento,
1170 1358 1495 1409 Inficiuntur
1537 1359 1682 1409 enim
1728 1359 1914 1421 singu-

235 1434 387 1483 latim
418 1433 836 1496 quomodolibet
870 1434 1055 1484 omnia
1085 1433 1222 1483 haec
1253 1438 1308 1484 et
1341 1433 1670 1495 participant
1702 1432 1913 1483 adinvi-
1943 1447 1982 1482 15

236 1521 351 1557 cem
378 1508 558 1570 magis
590 1513 644 1558 et
674 1508 871 1558 minus.
915 1507 1122 1558 Tamen
1153 1508 1207 1556 in
1238 1508 1477 1557 mixtura
1505 1506 1800 1557 manifesta
1830 1513 1914 1557 est

172 1626 176 1628 ,
236 1587 431 1632 natura
450 1595 657 1631 eorum.
692 1581 1139 1644 Unumquodque
1161 1594 1295 1631 vero
1320 1581 1715 1632 elementorum
1741 1580 1914 1643 quali-

233 1662 375 1707 tates
406 1656 571 1707 habet
610 1656 996 1719 specificantes
1030 1655 1183 1705 illud.
1230 1654 1324 1706 Est
1358 1656 1558 1706 etenim
1594 1660 1738 1706 terra
1771 1655 1912 1705 sicca

234 1736 285 1780 et
327 1730 551 1793 frigida,
597 1744 743 1793 aqua
784 1744 918 1781 vero
964 1730 1168 1793 frigida
1213 1735 1267 1780 et
1308 1729 1551 1786 humida,
1593 1742 1687 1779 aer
1725 1734 1908 1780 autem

232 1804 494 1854 humidus
538 1810 591 1855 et
638 1804 851 1855 calidus
897 1803 1199 1854 secundum
1249 1817 1405 1854 suam
1450 1810 1720 1861 naturam,
1766 1803 1909 1865 ignis
1938 1817 1982 1853 20

239 1878 460 1941 quidem
505 1878 717 1929 calidus
760 1885 815 1929 et
859 1880 1050 1929 siccuS.
1107 1877 1215 1928 Sed
1260 1891 1437 1940 neque
1483 1876 1776 1940 qualitates
1817 1890 1914 1939 per

237 1967 295 2003 se
332 1959 567 2016 possunt
605 1966 729 2003 esse
766 1952 1053 2003 elementa.
1104 1952 1229 2002 Non
1267 1953 1412 2002 enim
1450 1966 1519 2002 ex
1556 1950 1913 2014 qualitatibus

237 2028 575 2090 incorporeis
599 2033 833 2089 possunt
862 2033 1112 2077 constare
1141 2039 1387 2088 corpora,
1417 2025 1515 2076 sed
1542 2039 1644 2076 nec
1667 2024 1777 2076 alia
1799 2038 1914 2075 cor-

235 2115 370 2163 pora
399 2107 673 2152 extremas
705 2115 822 2151 nonv
848 2101 1107 2151 habentia
1140 2105 1413 2162 potestate
1444 2105 1497 2150 et
1528 2104 1652 2151 actu
1682 2098 1912 2162 qualita-

231 2183 314 2226 tes
342 2175 609 2238 possibile
644 2181 728 2226 est
759 2189 881 2226 esse
914 2175 1199 2225 elementa.
1244 2174 1300 2225 Si
1333 2175 1477 2225 enim
1507 2174 1698 2236 ignota
1726 2178 1909 2224 essent
1939 2187 1982 2222 z

307 2297 326 2337 1
366 2297 437 2337 De
477 2297 716 2338 elementis
749 2297 788 2337 P
826 2308 914 2337 om.
947 2297 1050 2346 AB,
1086 2298 1142 2347 cf.
1176 2299 1286 2337 adn.
1319 2301 1415 2345 52,1
1614 2294 1639 2333 2
1673 2304 1775 2343 pars
1809 2294 1915 2334 min.

230 2360 411 2407 transp.
438 2357 471 2397 A
595 2356 621 2396 3
654 2353 823 2405 autem]
855 2367 964 2397 vero
991 2357 1023 2397 A
1141 2356 1167 2396 4
1200 2356 1391 2396 ᾱίοθηᾱ·
1420 2355 1455 2396 Α
1489 2354 1677 2394 dicendi
1701 2353 1756 2399 B;
1790 2363 1915 2404 exsp.

231 2417 413 2462 dictum,
447 2417 502 2466 cf.
538 2416 818 2465 praedictum
850 2416 918 2465 By
1070 2416 1095 2455 5
1128 2411 1342 2465 Ipsaque]
1379 2407 1411 2451 7
1443 2414 1545 2463 ipsa
1575 2413 1608 2453 A
1755 2411 1781 2452 6
1813 2409 1915 2452 Ete-

230 2476 322 2515 nim
357 2485 495 2515 omne
528 2477 711 2526 transp.
738 2475 775 2515 Β
808 2472 957 2516 Omne
991 2476 1111 2516 enim
1145 2475 1180 2516 A
1305 2474 1329 2514 7
1363 2477 1431 2515 est
1464 2484 1551 2513 om.
1576 2472 1610 2512 A
1734 2471 1760 2510 9
1793 2481 1915 2511 omn.

226 2545 305 2574 un.
339 2538 408 2575 est
439 2546 544 2584 gen.
577 2535 614 2575 B
645 2546 721 2575 un.
753 2545 860 2584 gen.
893 2537 962 2574 est
994 2544 1117 2574 omn.
1149 2534 1184 2575 A
1218 2530 1284 2583 (h.
1317 2530 1380 2583 ο.)
1622 2529 1675 2569 10
1707 2533 1752 2570 et
1785 2561 1796 2570 .
1829 2561 1839 2571 .
1872 2533 1917 2570 et

230 2605 318 2634 om.
351 2594 434 2634 AB
657 2593 710 2633 13
744 2596 789 2634 et
819 2603 914 2633 non
947 2597 1017 2633 est
1048 2593 1126 2634 inf.
1161 2590 1226 2642 (h.
1260 2589 1323 2642 ο.)
1354 2592 1389 2633 Α
1423 2594 1493 2632 est
1523 2599 1618 2630 non
1651 2589 1729 2630 inf.
1761 2589 1800 2630 B

233 2652 286 2691 16
319 2653 560 2692 inmixtura
593 2649 658 2702 (ix
690 2663 744 2694 ex
775 2664 804 2693 u
837 2665 895 2693 m.
927 2650 972 2701 2)
1005 2653 1045 2692 Ρ
1195 2652 1247 2692 17
1276 2653 1390 2702 post
1420 2650 1552 2691 elem,
1585 2650 1630 2689 d.
1662 2650 1691 2689 ι’.
1725 2660 1766 2689 υ.
1799 2643 1915 2686 κατὰ

231 2706 444 2759 (υζυγίαν
476 2708 560 2750 δύο
700 2711 754 2752 18
786 2712 959 2752 habent
990 2712 1027 2751 B
1087 2712 1256 2752 etenim
1289 2711 1329 2750 P
1357 2710 1479 2750 enim
1511 2708 1594 2750 AB
1731 2706 1785 2747 19
1815 2706 1913 2756 frig.

230 2773 274 2809 et
307 2771 429 2810 sicca
460 2771 543 2811 AB
574 2768 639 2820 (h.
673 2768 736 2820 ο.)
800 2774 950 2811 autem
984 2783 1073 2811 om.
1098 2771 1135 2811 Β
1256 2769 1312 2809 20
1344 2769 1427 2809 cal.
1461 2771 1507 2809 et
1537 2768 1659 2807 hum.
1691 2762 1758 2815 (h.
1783 2762 1847 2815 ο.)
1878 2766 1912 2806 Α

288 2840 417 2868 suam
451 2841 539 2870 om.
572 2831 606 2870 A
789 2829 840 2870 21
879 2841 958 2879 per
989 2841 1040 2870 se
1072 2841 1160 2869 om.
1193 2829 1231 2869 Β
1409 2826 1464 2868 23
1497 2828 1543 2866 in
1576 2825 1778 2874 corporis
1808 2825 1846 2865 Β

230 2887 285 2927 24
318 2892 542 2928 extremas
575 2919 733 2930 .....
768 2890 1009 2938 qualitates
1042 2885 1309 2938 (utrumque
1341 2898 1363 2926 s
1397 2897 1451 2927 ex
1485 2897 1526 2926 m
1560 2896 1678 2926 corr.
1712 2896 1770 2924 m.
1800 2881 1846 2933 2)
1878 2883 1918 2923 P

290 2947 343 2986 25
378 2951 446 2987 est
479 2959 583 2987 esse
615 2948 654 2987 P
684 2951 752 2987 est
784 2949 821 2988 Β
853 2956 957 2988 esse
990 2948 1022 2988 A
