1982 3172
133 771 186 809 14

131 1288 183 1326 15

129 1508 182 1547 16

223 103 258 165 ’8
592 109 847 155 NEMESII
882 107 1195 154 PREMNON
1229 106 1553 153 PHYSICON

226 245 355 297 fecit
382 252 436 297 et
464 247 518 295 in
547 246 656 296 alia
686 245 988 295 secundum
1019 246 1256 307 speciem
1287 251 1535 295 creatura
1559 247 1900 309 coniungens

224 319 534 370 adinvicem
565 318 839 381 gradatim
871 319 1207 381 proprietate
1237 323 1291 369 et
1320 320 1625 370 mutatione
1654 324 1899 378 naturae,

224 399 284 444 ut
317 407 435 444 non·
463 393 696 444 multum
733 392 1000 443 distarent
1035 393 1336 442 inanimata
1371 388 1596 444 omnino
1630 407 1663 444 a
1693 393 1897 456 plantis

223 467 552 518 habentibus
585 466 900 517 nutribilem
933 467 1207 523 virtutem,
1241 480 1418 528 neque
1451 467 1627 531 hae[c]
1663 467 1733 518 ab
1755 469 1898 518 ‘irra-

223 540 578 591 tionabilibus
605 546 659 591 et
686 539 1039 590 sensibilibus
1067 540 1399 590 animalibus
1426 554 1526 591 nec
1552 542 1896 592 irrationabi-
1952 549 1978 584 5

222 615 294 665 lia
315 628 348 663 a
372 613 792 664 rationabilibus
816 613 1185 664 alienarentur
1209 615 1901 666 omnino'etinconvenien·

222 690 296 739 tia
338 696 391 739 et
435 689 551 739 sine
593 688 814 738 vinculo
858 687 1104 750 quolibet
1146 694 1331 739 essent
1373 688 1668 752 colligante
1704 696 1758 740 et
1798 703 1894 740 na-

221 762 396 812 turali.
438 762 641 812 Differt
669 763 870 812 etenim
900 761 1041 824 lapis
1070 763 1235 812 etiam
1265 776 1297 811 a
1325 762 1511 825 lapide
1534 764 1735 814 virtute
1762 777 1894 826 qua-

219 836 364 886 libet.
400 836 566 898 Lapis
590 842 876 898 magnetes
902 836 1232 898 praecellere
1257 836 1474 887 videtur
1499 837 1733 887 aliorum
1759 837 1894 900 lapi-

219 910 350 959 dum
410 916 661 960 naturam
723 924 789 960 ac
846 911 1103 960 virtutem
1148 911 1203 959 in
1248 910 1367 968 hoc,
1414 910 1562 973 quod
1602 910 1896 962 manifeste
1930 918 1978 954 ¹⁰

218 982 382 1034 trahit
423 984 493 1034 ad
537 998 595 1034 se
638 991 801 1046 atque
845 985 1084 1035 continet
1126 985 1347 1042 ferrum,
1387 991 1669 1047 tamquam
1707 999 1888 1037 escam

218 1062 319 1110 sibi
361 1062 534 1112 facere
571 1062 786 1119 volem,
833 1065 885 1108 et
930 1072 1039 1109 non
1086 1058 1265 1109 solum
1310 1060 1363 1108 in
1404 1074 1515 1109 uno
1558 1060 1664 1110 hoc
1700 1059 1892 1117 efficit,

220 1132 315 1182 sed
352 1138 406 1182 et
441 1132 592 1182 aliud
630 1146 726 1194 per
761 1132 912 1182 aliud
951 1134 1191 1183 continet
1227 1133 1413 1183 dando
1446 1135 1654 1184 cunctis
1688 1133 1891 1184 habitis

217 1220 373 1255 suam
434 1208 707 1256 virtutem.
781 1205 1034 1257 Continet
1095 1208 1261 1270 igitur
1321 1214 1374 1257 et
1419 1207 1623 1257 ferrum
1669 1207 1890 1265 ferrum,

217 1280 439 1341 quando
466 1295 498 1329 a
524 1287 779 1343 magnete
806 1280 972 1330 fuerit
998 1281 1261 1331 habitum.
1365 1280 1454 1331 Sic
1478 1282 1674 1331 iterum
1701 1295 1891 1332 conse·
1927 1289 1972 1324 1⁵

216 1360 442 1415 quenter
466 1369 498 1403 a
525 1354 727 1416 plantis
752 1355 822 1404 ad
850 1354 1111 1404 animalia
1136 1356 1441 1417 procedens
1466 1369 1576 1406 non
1599 1356 1888 1406 confestim

215 1427 285 1476 ad
309 1428 569 1478 mobilem
593 1435 646 1478 et
670 1428 984 1479 sensibilem
1010 1430 1258 1491 pervenit
1280 1435 1550 1486 naturam,
1575 1429 1671 1479 sed
1690 1429 1890 1492 grada-

215 1502 312 1551 tim
339 1507 393 1552 et
420 1502 636 1553 modice
663 1502 735 1552 ad
763 1502 905 1552 hanc
933 1503 1182 1553 studiose
1210 1504 1472 1564 pervenit.
1508 1504 1711 1554 Pinnas
1736 1517 1889 1553 nam-

215 1589 321 1637 que
359 1582 411 1626 et
451 1576 645 1626 ericios
685 1577 929 1627 marinos
968 1576 1120 1627 velut
1160 1577 1447 1627 sensibiles
1488 1576 1706 1639 plantas
1741 1577 1885 1628 fecit.

214 1648 498 1699 Radicavit
536 1664 774 1713 namque
813 1651 949 1701 haec
986 1652 1039 1700 in
1079 1652 1215 1700 mari
1257 1652 1412 1712 quasi
1452 1651 1670 1712 plantas
1704 1658 1758 1702 et
1793 1665 1886 1702 ve-
1921 1657 1971 1692 2⁰

212 1723 292 1773 lut
335 1722 486 1786 ligna
532 1726 794 1786 apposuit
841 1731 1058 1775 ostraca
1102 1731 1155 1775 et
1201 1731 1345 1775 stare
1391 1725 1519 1775 fecit
1560 1731 1619 1775 ut
1664 1725 1881 1787 plantas

211 1803 264 1847 et
302 1810 523 1847 sensum
562 1799 641 1848 eis
681 1798 833 1849 dedit
870 1799 1190 1861 tangibilem
1231 1800 1474 1848 omnium
1514 1800 1735 1860 quidem
1768 1800 1883 1848 ani-

210 1870 435 1920 malium
475 1886 695 1922 sensum
731 1886 1091 1930 communem,
1130 1878 1190 1923 ut
1227 1874 1629 1923 communicent
1667 1872 1885 1935 plantis,

212 1945 340 2006 quia
374 1945 688 1996 radicantur
724 1953 777 1997 et
811 1948 1031 2004 instant,
1067 1947 1398 1997 animalibus
1432 1961 1580 2004 vero,
1616 1947 1744 2010 quia
1773 1953 1884 1998 tac-

288 2034 306 2073 1
340 2037 454 2085 post
483 2036 734 2086 secundum
769 2037 879 2077 add.
912 2047 1041 2076 suam
1073 2037 1112 2076 Β
1224 2040 1471 2076 creaturam
1507 2035 1546 2077 C
1573 2039 1769 2076 creatam
1798 2035 1840 2076 P
1887 2034 1889 2036 ’

212 2092 237 2131 2
271 2095 570 2142 proprietates
602 2096 823 2144 gradatim
856 2095 889 2135 A
956 2096 1230 2135 mutationes
1262 2096 1297 2135 A
1332 2096 1586 2135 imitatione
1617 2096 1655 2135 B
1685 2095 1893 2147 immuta-

210 2152 336 2192 tione
367 2153 440 2193 Ηο
488 2157 676 2194 naturae
707 2166 796 2194 om.
826 2154 860 2194 A
926 2153 952 2194 3
983 2155 1094 2205 for-1⁴.
1127 2155 1318 2195 omnino
1350 2156 1600 2194 inanimata
1631 2150 1741 2202 (hoc
1770 2152 1894 2202 ord.)

210 2223 310 2251 cum
342 2212 410 2262 By
437 2215 483 2252 et
504 2213 577 2252 Ho
611 2209 690 2262 (τὰ
717 2209 868 2263 πάντῃ
895 2209 1073 2262 ἄψυχα)
1107 2215 1262 2253 omnia
1292 2214 1330 2253 Β
1390 2214 1418 2252 4
1449 2215 1538 2253 hae
1569 2213 1628 2252 ab
1659 2213 1892 2253 irrationa-

211 2270 377 2310 bilibus
402 2282 487 2320 eyo
520 2272 635 2312 haec
669 2273 727 2312 ab
760 2273 1144 2312 irrationabilibus
1169 2273 1215 2312 M
1246 2273 1336 2313 hoc
1369 2284 1396 2312 a
1428 2271 1774 2312 rationabilibus
1795 2271 1836 2312 B

210 2330 235 2367 5
269 2330 543 2370 irrationalia
568 2342 595 2370 a
619 2331 918 2371 rationalibus
941 2331 975 2372 A
1041 2331 1067 2371 6
1100 2332 1356 2372 alienantur
1381 2330 1418 2372 C
1476 2330 1500 2369 7
1532 2331 1717 2370 vinculo
1741 2340 1831 2371 om.
1849 2329 1892 2371 D

267 2388 515 2438 colligante
556 2393 601 2430 et
632 2390 824 2430 naturali
858 2401 944 2440 eyo
978 2391 1215 2440 colliganti
1248 2395 1293 2431 et
1324 2385 1516 2430 naturali
1548 2389 1587 2429 Ρ
1623 2389 1815 2429 naturali
1846 2393 1892 2429 et

209 2447 454 2496 colligante
484 2448 518 2488 A
554 2450 745 2489 naturali
778 2452 823 2490 et
855 2450 1089 2499 colligenti
1124 2449 1204 2490 CB
1265 2449 1290 2489 8
1324 2450 1446 2489 enim
1479 2450 1526 2488 et
1556 2447 1693 2488 etiam
1727 2459 1818 2488 om.
1848 2448 1889 2488 D

263 2508 378 2555 post
408 2508 613 2555 qualibet
643 2509 753 2558 fort.
787 2509 932 2549 excid.
965 2509 1049 2549 sed
1081 2503 1216 2560 (ἀλλ’)
1311 2508 1360 2547 11
1397 2507 1576 2546 attrahit
1608 2509 1747 2555 atque
1778 2517 1888 2548 con-

207 2564 320 2603 tinet
351 2565 410 2604 ad
440 2576 491 2605 se
522 2566 555 2605 A
620 2578 772 2607 escam
803 2570 917 2617 post
946 2567 1031 2608 iac.
1061 2579 1172 2618 pon.
1204 2567 1243 2607 B
1409 2565 1463 2605 14
1495 2567 1693 2606 alterum
1725 2565 1888 2606 ferrum

208 2633 295 2662 om.
331 2621 409 2663 CB
619 2626 672 2665 15
706 2626 781 2666 Sic
814 2625 854 2667 O
899 2626 1012 2666 Tum
1045 2627 1139 2675 Ho,
1181 2627 1343 2676 potius
1381 2625 1562 2665 Deinde
1593 2635 1648 2665 ex
1677 2631 1889 2665 sermone

208 2682 414 2730 interpr„
446 2685 530 2723 sed
561 2685 679 2724 nihil
711 2687 986 2726 mutandum
1163 2684 1218 2724 18
1249 2685 1309 2724 ad
1340 2685 1460 2724 hanc
1490 2687 1534 2723 et
1567 2684 1748 2724 modice
1778 2679 1889 2733 (hoc

207 2736 330 2787 ord.)
362 2740 418 2786 D.
447 2745 561 2790 post
592 2743 708 2783 haec
739 2745 849 2785 add.
883 2748 928 2784 et
962 2744 999 2785 C
1090 2744 1144 2784 19
1176 2740 1393 2791 marinos]
1429 2743 1545 2782 max·
1578 2739 1686 2792 (pro
1719 2743 1887 2782 Μετ’-τ

208 2795 395 2846 maris?)
426 2799 460 2838 A
541 2801 720 2848 plantas
751 2803 791 2842 D
826 2803 1036 2851 plantans
1069 2799 1118 2851 (n
1151 2813 1271 2843 eras.
1305 2795 1416 2852 vicl.)
1447 2802 1487 2841 Ρ
1605 2800 1661 2840 20
1691 2801 1809 2841 haec
1839 2799 1886 2840 M

207 2856 332 2904 quod
362 2857 400 2896 Β
468 2858 518 2897 21
557 2862 732 2900 ostraca
765 2858 952 2909 (ostrata
982 2860 1039 2911 A)
1072 2861 1118 2901 Μ
1150 2865 1329 2902 ostenta
1361 2860 1399 2899 B
1471 2859 1526 2899 22
1560 2859 1745 2909 quidem
1772 2860 1887 2910 post

207 2915 373 2963 plantis
406 2927 530 2966 exsp.
