1982 3172
466 88 551 133 DE
584 86 911 132 ANHELITU
946 86 1083 132 CAP.
1111 84 1307 131 XXVIII
1635 92 1733 141 135

47 227 126 278 les
159 227 280 284 sint,
318 225 539 277 habitus
574 238 707 275 vero
744 222 1113 275 accidentales
1149 228 1203 274 et
1240 222 1388 286 quod
1424 227 1729 286 potestates

46 301 212 353 insint
242 300 358 351 sine
396 298 703 363 disciplina,
737 298 959 350 habitus
993 311 1126 348 vero
1163 297 1486 361 contingant
1519 310 1587 347 ex
1620 296 1730 347 dis-

48 374 248 439 ciplina
278 380 331 425 et
367 389 487 424 usu.
533 373 589 425 Si
625 374 792 437 igitur
827 378 1076 436 potestas
1110 371 1379 423 naturalis
1411 376 1495 422 est
1524 376 1578 422 et
1614 371 1730 422 sine
1769 380 1819 421 21

47 449 311 507 doctrina,
331 449 553 500 habitus
577 461 710 500 vero
735 448 1048 511 adquisitus
1075 453 1128 498 et
1154 460 1251 510 per
1276 446 1599 504 doctrinam,
1620 459 1730 496 non

0 523 146 575 »serit
178 529 376 574 natura
415 537 582 574 causa
618 522 906 580 malorum,
946 521 1044 573 sed
1081 522 1229 572 mala
1264 521 1439 573 nostri
1473 520 1730 572 educatio

44 604 99 649 et
117 604 342 662 propter
363 597 506 648 hanc
526 597 657 648 mali
679 597 902 648 habitus
925 596 1242 660 adquisitio.
1277 595 1472 647 Omnis
1492 609 1730 659 namque

47 672 267 724 habitus
306 678 564 725 ostensus
605 678 688 724 est
727 685 850 723 esse
890 671 1218 735 adquisitus.
1271 669 1435 727 Quod
1477 676 1661 722 autem
1700 684 1733 720 a
1771 678 1825 718 22

45 753 244 798 natura
278 748 387 799 sint
426 752 746 810 potestates,
784 751 935 809 patet
973 760 1041 797 ex
1077 759 1160 804 ρο,
1200 745 1349 809 quod
1387 759 1579 796 omnes
1611 759 1732 796 eas-

47 821 172 872 dem
194 821 398 872 habent
426 827 729 885 potestates
757 826 972 884 praeter
999 826 1368 883 expertorum.
1409 819 1572 875 Quod
1598 833 1732 871 vero

0 911 27 944 n
47 895 269 947 habitus
307 909 419 947 non
463 896 572 947 sint
611 895 907 953 naturales,
952 900 1103 958 patet
1144 895 1311 946 etiam
1354 908 1421 946 ex
1459 908 1543 952 eo,
1583 894 1732 958 quod

44 983 156 1022 non
185 983 377 1022 omnes
411 970 638 1021 eosdem
670 970 893 1021 habitus
926 969 1146 1027 habent,
1181 969 1279 1020 sed
1312 969 1405 1020 alii
1436 969 1593 1020 alios.
1624 968 1733 1019 Na-

49 1044 247 1096 turalia
280 1058 521 1108 namque
561 1050 688 1095 sunt
725 1044 920 1095 eadem
961 1044 1014 1094 in
1055 1043 1327 1105 omnibus.

604 1235 722 1303 DE
770 1235 1189 1304 ANHELITU
1759 1308 1830 1358 28

111 1372 405 1425 Anhelitus
425 1374 590 1425 etiam
615 1373 937 1424 animalium
959 1378 1045 1424 est
1069 1387 1316 1436 operum.
1352 1372 1564 1424 Etenim
1591 1387 1738 1423 mus·
1776 1380 1795 1420 1

6 1462 29 1498 ες
51 1447 159 1500 culi
188 1454 330 1508 sunt,
365 1448 458 1513 qui
489 1453 715 1500 movent
748 1447 1044 1506 thoracem,
1080 1448 1230 1511 quod
1264 1447 1624 1511 principalius
1654 1453 1739 1499 est

50 1522 326 1575 anhelitus
355 1524 780 1576 instrumentum
811 1529 867 1576 et
901 1524 1164 1587 copiosus
1196 1529 1251 1575 et
1284 1523 1613 1575 constrictus
1642 1538 1739 1574 an-

50 1595 252 1648 helitus
289 1596 344 1648 in
384 1597 603 1661 magnis
642 1596 1046 1649 afflictionibus
1087 1597 1269 1648 factus
1309 1596 1605 1648 animalem
1646 1596 1739 1648 de-

50 1676 321 1723 monstrat
362 1672 758 1735 operationem.
814 1671 872 1722 In
914 1672 1076 1723 nobis
1120 1677 1305 1723 autem
1350 1676 1478 1723 sunt
1522 1685 1739 1734 permu-

50 1746 288 1798 tationes
312 1746 616 1797 secundum
644 1745 938 1798 utilitatem
966 1746 1258 1797 anhelitus.
1299 1745 1564 1798 Dolentes
1593 1746 1738 1797 enim
1776 1754 1801 1795 2

0 1834 30 1870 ε)
52 1819 184 1884 quid
223 1820 551 1884 spirantium
591 1821 963 1872 membrorum
1001 1821 1091 1872 vel
1133 1835 1256 1871 cum
1296 1821 1377 1872 eis
1417 1834 1476 1872 se
1513 1834 1738 1872 moven-

50 1895 203 1952 tium,
239 1901 299 1946 ut
338 1894 704 1959 diaphragma
737 1895 827 1946 vel
864 1895 1037 1958 hepar
1074 1895 1163 1946 vel
1203 1894 1450 1959 splenem
1486 1895 1574 1947 vel
1607 1909 1739 1946 ven-

50 1974 188 2020 trem
244 1968 334 2020 vel
393 1969 604 2032 aliquid
648 1969 931 2021 subtilium
975 1971 1361 2021 intestinorum
1406 1970 1493 2020 vel
1539 1970 1737 2028 colum,

53 2057 286 2107 parvum
313 2049 366 2094 et
398 2043 630 2095 densum
662 2045 963 2107 spiramus:
996 2059 1229 2108 parvum
1262 2045 1501 2108 quidem,
1532 2058 1599 2095 ne
1628 2044 1740 2095 for-

52 2117 176 2170 titer
205 2118 586 2182 opprimamus
618 2118 925 2170 membrum
960 2119 1180 2177 dolens;
1215 2119 1449 2170 densum
1481 2133 1631 2176 vero,
1665 2125 1738 2176 ut,

0 2206 30 2241 25
54 2191 202 2255 quod
225 2206 258 2242 a
284 2193 665 2256 magnitudine
692 2193 941 2246 relictum
967 2199 1068 2252 est,
1097 2193 1343 2245 densitas
1370 2193 1595 2257 repleat.
1618 2193 1738 2245 Ete-
1775 2202 1801 2242 3

53 2266 166 2317 nim
198 2281 320 2318 cum
357 2267 610 2319 dolemus
645 2282 783 2326 crus,
820 2268 1036 2319 modice
1071 2268 1421 2319 extendimus
1455 2267 1592 2318 illud
1626 2282 1740 2318 am-

131 2447 150 2488 1
186 2451 292 2489 sunt
314 2449 352 2490 Β
452 2448 566 2490 1-2
600 2452 804 2499 potestas
837 2449 945 2490 insIt
968 2449 1002 2491 A
1102 2449 1127 2489 2
1160 2449 1398 2499 contingat
1421 2449 1461 2490 D
1555 2449 1580 2490 3
1613 2452 1744 2490 natu-

53 2507 131 2547 ral’
155 2507 195 2548 Ρ
222 2509 426 2550 naturale
458 2509 499 2549 D
629 2508 655 2548 4
688 2509 871 2549 habitus
902 2509 940 2550 Β
971 2505 1098 2559 (ἕξις)
1139 2511 1267 2550 actus
1299 2507 1346 2548 M
1468 2509 1492 2549 5
1527 2509 1668 2550 nostrl
1702 2508 1743 2550 O

55 2569 208 2606 nostra
238 2567 311 2608 Ηο
462 2568 489 2608 6
530 2569 712 2609 habitus
744 2562 1078 2621 adqu1s1t1<o>.
1142 2566 1304 2608 Omnis
1336 2580 1422 2619 eqo
1455 2568 1637 2609 habitus
1670 2580 1743 2610 ac·-

57 2625 224 2674 quisitt.
287 2625 450 2668 Omnis
481 2628 554 2669 Ho
594 2628 792 2668 habitus.
855 2626 1192 2678 Adquisitionis
1233 2624 1368 2678 (Acq.
1403 2625 1504 2678 CB)
1538 2626 1579 2670 Ο

58 2684 82 2724 7
123 2687 358 2727 ostensum
389 2687 430 2728 D
552 2690 750 2744 est-om.
783 2686 869 2729 AC
987 2690 1139 2728 autem
1172 2699 1262 2728 om.
1293 2686 1328 2728 A
1511 2687 1538 2728 8
1571 2691 1677 2729 sunt
1708 2688 1742 2729 A

116 2743 144 2784 9
175 2743 280 2785 hab.
314 2749 407 2795 pot.
439 2748 627 2788 easdem
662 2744 727 2796 (h.
761 2743 825 2797 ο.)
857 2747 891 2788 Α
1071 2746 1119 2786 11
1154 2749 1268 2797 post
1299 2747 1414 2788 alios
1446 2748 1558 2788 add.
1591 2751 1637 2788 et
1668 2747 1744 2788 alil

57 2802 173 2844 allos
197 2803 237 2844 Ρ
345 2804 399 2846 12
431 2809 537 2847 sunt
568 2806 731 2847 eadem
766 2809 948 2858 transp.
973 2806 1013 2847 Ρ
1127 2805 1180 2846 13
1212 2806 1282 2847 De
1315 2806 1520 2848 anhelitu
1553 2806 1638 2850 PC
1667 2808 1746 2847 *⁴¹3

56 2861 152 2913 sere
184 2862 274 2903 litt.
306 2863 340 2904 A
372 2868 399 2906 8
428 2866 525 2917 sere
556 2867 648 2907 litt.
679 2865 716 2907 Β
845 2864 1020 2906 22-23
1053 2865 1202 2907 colum
1237 2863 1442 2916 parvum]
1476 2866 1744 2918 columpna-

58 2920 171 2962 rium
203 2921 240 2962 Β
360 2923 416 2965 23
448 2925 558 2975 quid
590 2925 623 2966 A
749 2924 804 2965 25
838 2925 963 2976 quod
996 2934 1020 2962 *
1053 2935 1081 2965 a
1113 2921 1321 2974 (e=est
1351 2937 1472 2968 eras.
1505 2923 1617 2978 vid.)
1649 2926 1690 2968 Ρ
