1982 3172
119 553 195 592 110

114 984 187 1024 111

113 1222 193 1262 112

115 1668 194 1708 113

229 111 301 162 50
595 104 854 151 NEMESII
887 104 1202 151 PREMNON
1235 105 1559 154 PHYSICON

229 242 484 292 omnibus
519 249 601 292 est
636 250 790 292 actus
826 243 1156 300 hominibus,
1193 251 1249 294 ut
1286 246 1577 307 unicuique
1613 247 1811 308 speciei
1842 247 1909 296 ir-

229 317 638 367 rationabilium
665 317 1001 367 animalium.
1042 317 1182 367 Nam
1211 332 1244 367 a
1268 325 1466 369 natura
1494 319 1614 370 sola
1640 319 1776 371 haec
1795 334 1909 370 mo-

226 396 437 442 ventur.
492 390 647 446 Quae
688 404 822 442 vero
865 405 898 442 a
937 397 1136 443 natura
1181 398 1321 450 sunt,
1366 393 1615 444 similiter
1651 394 1908 445 omnibus

227 465 446 516 adsunt.
503 465 611 515 Sed
659 465 957 518 rationales
1003 472 1158 517 actus
1203 466 1296 516 alii
1344 473 1471 518 sunt
1517 467 1586 518 ab
1625 468 1748 519 aliis
1810 482 1910 519 nec

227 554 292 589 ex
327 541 653 590 necessitate
687 540 943 590 omnibus
977 541 1139 590 idem.
1184 540 1395 596 Quodsi
1431 543 1552 604 quis
1586 542 1782 594 dixerit
1809 557 1909 606 pro
1957 555 1980 588 ⁵

226 614 469 664 vindicta
507 614 832 665 delictorum
873 616 926 664 in
965 615 1206 665 humana
1243 617 1356 666 vita
1394 617 1634 666 animam
1671 617 1742 667 ad
1776 617 1907 668 talia

227 690 520 739 transmitti
581 703 828 752 corpora,
873 703 939 740 ex
986 690 1384 752 posterioribus
1429 690 1637 742 faciens
1683 691 1907 742 demon-

227 764 565 821 strationem,
603 763 866 826 quidnam
903 770 1001 823 est,
1041 764 1188 827 quod
1226 766 1279 814 in
1319 766 1495 827 prima
1532 779 1764 828 corpora
1794 767 1908 816 ani-

226 837 451 887 malium
513 839 794 889 immissae
855 844 982 890 sunt
1041 839 1339 890 rationales
1384 841 1600 890 animae
1659 840 1905 891 nondum

227 918 516 976 peccantes
550 914 602 962 in
638 913 961 975 corporibus
994 913 1265 972 humaniS,
1297 927 1364 964 eo
1398 914 1546 976 quod
1579 914 1826 965 nondum
1853 915 1906 964 in
1935 924 1977 959 10

225 988 362 1049 ipsis
394 988 739 1038 exstiterint?
840 988 1225 1050 Apponendus
1258 1002 1389 1039 vero
1423 994 1506 1039 est
1536 988 1663 1039 huic
1695 995 1909 1040 senten-

226 1063 332 1112 tiae
392 1061 727 1121 Galenus,
787 1062 1053 1113 mirabilis
1112 1062 1373 1120 medicuS,
1433 1064 1523 1126 qui
1570 1063 1768 1126 probat
1812 1077 1908 1126 per

225 1150 671 1198 unamquamque
698 1138 935 1199 speciem
963 1137 1218 1187 animalis
1245 1137 1519 1187 diversam
1545 1150 1668 1188 esse
1694 1139 1909 1188 animae

226 1212 479 1273 speciem.
534 1210 676 1262 Dicit
716 1212 860 1261 enim
904 1213 957 1260 in
999 1211 1433 1274 principiolibri
1467 1211 1628 1274 primi
1673 1211 1747 1261 de·
1787 1211 1904 1262 utili

228 1287 550 1348 operatione
596 1286 965 1336 membrorum
1015 1287 1116 1336 sic:
1163 1285 1370 1344 „Multa
1416 1291 1543 1336 sunt
1588 1286 1908 1336 animalium
1936 1295 1978 1330 15

227 1359 486 1417 membra,
524 1361 660 1410 haec
697 1360 918 1422 quidem
958 1374 1175 1423 magna,
1212 1359 1307 1410 illa
1345 1374 1478 1410 vero
1515 1361 1742 1419 minora,
1774 1361 1910 1411 haec

226 1448 358 1484 vero
392 1435 616 1484 omnino
651 1436 706 1483 in
741 1435 970 1485 alteram
1007 1436 1244 1497 speciem
1281 1434 1652 1502 indivisibilia.
1687 1434 1908 1486 Utilitas

225 1523 357 1559 vero
402 1510 646 1558 omnium
692 1523 881 1559 eorum
925 1516 1010 1559 est
1053 1510 1250 1558 anima.
1308 1508 1522 1571 Corpus
1565 1515 1749 1559 autem
1788 1510 1906 1559 eius

225 1590 308 1634 est
336 1585 774 1641 instrumentum,
803 1589 857 1633 et
886 1583 1012 1633 ideo
1041 1583 1272 1632 multum
1305 1583 1573 1634 differunt
1600 1583 1905 1633 abinvicem

226 1657 471 1708 membra
513 1657 849 1715 animalium,
895 1659 1023 1719 quia
1066 1664 1119 1707 et
1161 1657 1423 1707 animae.“
1480 1657 1678 1708 Iterum
1722 1663 1906 1708 autern
1934 1665 1978 1700 20

227 1733 280 1781 in
304 1732 660 1794 sequentibus
684 1732 932 1782 eiusdem
958 1732 1077 1781 libri
1103 1732 1170 1781 de
1195 1732 1353 1781 simia
1377 1745 1596 1793 quoque
1609 1731 1715 1781 hoc
1728 1731 1908 1783 addit:

228 1807 479 1865 „Quidni‚
522 1821 554 1857 o
599 1807 1004 1869 sapientissime
1048 1807 1423 1868 reprehensor,
1467 1805 1671 1856 diceret
1711 1810 1908 1856 natura

229 1887 417 1932 contra
471 1888 523 1931 te
580 1881 847 1931 derisorio
904 1894 999 1942 per
1039 1882 1278 1929 animam
1320 1879 1543 1929 animali
1586 1879 1906 1930 derisoriam

228 1957 472 2018 oportuit
513 1957 919 2017 daricorporis
963 1954 1467 2016 compositionem.“
1521 1953 1610 2004 Sic
1647 1953 1787 2004 vidit
1828 1954 1908 2004 di-

227 2031 400 2080 versis
443 2030 744 2079 secundum
788 2030 1024 2091 speciem
1069 2029 1392 2091 corporibus
1435 2029 1682 2078 diversas
1725 2029 1906 2078 unitas
1933 2034 1977 2070 Z

305 2166 321 2205 1
361 2177 482 2206 omn.
512 2168 624 2216 post
656 2170 740 2205 act.
769 2176 880 2215 pon.
914 2164 996 2204 AB
1094 2167 1163 2204 est
1196 2165 1455 2211 deleverim,
1488 2163 1544 2213 cf.
1576 2167 1693 2210 43,Ιὸ
1784 2172 1909 2211 spec.

227 2228 341 2266 irrat.
375 2228 556 2276 transp.
591 2226 624 2265 A
771 2224 797 2264 2
830 2224 1095 2264 animalium
1129 2235 1218 2263 om.
1251 2224 1287 2263 B
1423 2222 1449 2261 6
1480 2222 1540 2261 ad
1571 2218 1695 2270 talia]
1729 2222 1787 2261 ab
1821 2220 1910 2260 alia

227 2287 378 2326 anima
410 2286 444 2326 A
598 2285 623 2324 8
657 2281 742 2332 est]
779 2281 841 2325 *ἓ
873 2283 912 2323 Ρ
1064 2283 1111 2323 11
1150 2284 1395 2323 existerent
1426 2281 1459 2321 A
1553 2291 1660 2320 vero
1693 2291 1781 2320 om.
1814 2279 1852 2319 B

226 2346 482 2386 sententiae
516 2345 594 2384 PA
638 2343 935 2392 disputationi
968 2343 1004 2382 Β
1187 2342 1240 2382 12
1275 2340 1476 2381 Galenus
1508 2339 1580 2379 Ho
1622 2338 1842 2379 Gallenus
1874 2339 1913 2379 Ρ

228 2405 358 2446 Gual'
383 2405 417 2445 A
455 2403 562 2444 G.B
626 2413 704 2452 per
735 2404 876 2443 om.A
1003 2402 1056 2441 14
1088 2402 1164 2442 lib.
1192 2401 1321 2450 primi
1355 2399 1587 2449 transp.A
1713 2397 1766 2437 15
1799 2399 1911 2439 ante

226 2464 368 2504 Multa
399 2465 443 2504 d.
471 2465 499 2504 i.
525 2475 565 2503 υ.
599 2459 671 2500 καί
705 2456 742 2500 εἰ
772 2461 915 2500 τοῦτο
1039 2461 1091 2500 17
1127 2462 1172 2500 in
1205 2461 1279 2500 alt.
1305 2469 1394 2500 om.
1427 2454 1493 2507 (11.
1526 2454 1590 2506 ο.)
1623 2457 1659 2497 Β
1721 2457 1910 2497 omnino

226 2524 462 2563 inalterata
493 2524 527 2563 A
714 2521 767 2561 18
799 2522 1002 2561 omnium
1037 2531 1128 2560 eor.
1161 2522 1342 2568 transp.
1374 2518 1411 2558 Β
1516 2517 1670 2556 anima
1700 2515 1829 2556 PAB
1860 2512 1907 2565 (ἡ

226 2580 352 2632 ψυχή
386 2578 451 2631 Π)
484 2583 666 2621 animae
696 2581 769 2620 Ho
803 2578 876 2631 (τῇ
910 2579 1037 2630 ψυχῇ
1070 2575 1229 2628 vulyo)
1450 2575 1503 2615 19
1535 2578 1603 2615 est
1634 2586 1723 2615 om.
1754 2575 1792 2616 Β

227 2642 282 2681 20
315 2642 476 2682 lterum
511 2645 661 2682 autem
695 2641 735 2680 Ρ
764 2639 873 2680 Item
906 2650 1014 2679 vero
1037 2638 1072 2678 A
1106 2638 1231 2678 Idem
1264 2646 1450 2686 quoque
1474 2635 1512 2674 B
1632 2633 1683 2674 21
1719 2635 1767 2674 in
1799 2643 1907 2674 con-

226 2701 525 2750 sequentibus
550 2700 584 2740 A
649 2700 706 2739 de
739 2700 837 2740 sim.
871 2701 917 2739 in
950 2700 1046 2749 fine
1077 2699 1234 2738 enunt.
1262 2706 1374 2746 pon.
1407 2696 1452 2734 et
1483 2703 1670 2742 quoque
1701 2703 1789 2734 om.
1813 2692 1847 2732 A

228 2761 315 2799 hoc
347 2760 473 2799 addit
504 2770 590 2809 eqo
624 2759 712 2798 hoc
743 2759 918 2798 addidit
950 2758 988 2798 P
1030 2758 1145 2796 haec
1176 2755 1302 2795 addit
1333 2754 1369 2793 Β
1412 2753 1526 2792 haec
1558 2752 1695 2793 adid&
1725 2752 1760 2793 A

228 2819 282 2858 22
317 2818 487 2864 Quidni
523 2829 608 2868 eqo
642 2814 736 2866 (καὶ
770 2814 881 2867 μὴν)
915 2817 1026 2866 quid
1057 2816 1095 2855 si
1127 2815 1167 2855 Ρ
1197 2813 1334 2859 Quod
1367 2813 1406 2851 si
1437 2812 1520 2852 AB
1604 2822 1632 2851 o
1665 2811 1906 2860 sapientis-

226 2875 358 2926 sime]
392 2888 494 2917 cum
527 2877 869 2925 sapientissimo
902 2877 935 2916 A
1058 2877 1245 2914 naturae
1278 2873 1448 2912 diceret
1477 2871 1511 2911 A
1702 2869 1758 2910 23
1790 2869 1906 2909 deri-

228 2933 366 2984 sorio]
402 2937 680 2987 derisioriam
707 2935 738 2974 A
879 2935 932 2973 25
968 2934 1100 2973 videl'
1134 2932 1384 2972 seeundum
1420 2932 1621 2979 speciem
1658 2929 1846 2968 diversis
1871 2929 1904 2968 A
