1982 3172
148 102 234 148 AB
268 98 532 146 ALFANO
569 99 632 143 IN
667 97 958 144 LATINUM
993 95 1432 142 TRANSLATUM
1469 94 1650 140 CARI
1719 101 1780 150 13

89 245 143 292 et
169 239 465 290 elementa:
494 236 775 293 excisioni,
806 235 1199 297 permutationi
1231 239 1284 284 et
1314 232 1603 289 discursui,
1634 246 1774 294 quae

91 319 218 366 sunt
253 312 426 364 solius
465 311 737 374 corporis;
778 308 1168 373 permutationi
1207 307 1430 371 quidem
1469 307 1774 357 secundum

91 386 427 452 qualitatem,
471 386 745 437 discursui
804 390 988 435 autem
1050 382 1354 434 secundum
1399 382 1775 431 inanitionem.

90 461 411 514 Exinanitur
440 474 679 523 namque
710 473 928 522 semper
956 456 1161 508 animal
1193 471 1290 520 per
1319 456 1648 507 manifestos
1679 470 1775 518 po-

41 544 181 588 sros
221 542 276 587 et
318 549 414 599 per
457 534 880 591 immanifestos,
922 532 992 584 de
1034 532 1234 596 quibus
1277 538 1474 595 postea
1510 531 1775 582 dicemus.

91 610 328 662 Necesse
366 616 451 660 est
488 610 655 673 igitur
692 615 788 660 aut
824 608 1108 659 evacuatis
1146 606 1401 670 aequalia
1437 607 1646 669 apponi
1679 611 1776 656 aut
1816 619 1870 658 43

88 685 294 735 animal
337 683 570 734 dissolvi
614 683 921 746 indigentia
964 682 1376 733 introeuntium.
1431 680 1600 731 Siccis
1643 694 1775 730 vero

88 759 454 811 exiStentibus
499 764 552 808 et
593 757 836 808 humidis
881 763 935 807 et
981 757 1177 819 spiritu
1224 756 1508 806 evacuatis
1553 768 1778 806 necesse

90 840 175 886 est
205 834 349 885 sicco
381 839 435 884 et
465 832 695 883 humido
727 832 1064 882 nutrimento
1099 830 1346 894 indigere
1377 829 1582 879 animal
1610 835 1775 892 atque

24 915 67 952 ¹⁰
89 908 301 972 spiritu.
352 907 447 958 Est
486 920 724 969 namque
764 906 926 956 nobis
966 919 1093 956 esca
1132 911 1185 956 et
1224 911 1391 968 potus
1426 905 1775 955 necessarius
1817 918 1871 957 44

91 988 314 1045 propter
353 981 639 1037 elementa,
678 995 746 1031 ex
785 980 986 1043 quibus
1026 986 1361 1030 constamus
1411 978 1776 1041 Unumquod-

89 1070 194 1121 que
228 1057 374 1107 enim
405 1056 631 1119 proprio
668 1054 892 1118 quidem
927 1060 981 1105 et
1016 1054 1181 1105 simili
1216 1055 1469 1111 nutritur,
1500 1055 1776 1104 contrario

89 1144 220 1182 vero
260 1137 495 1181 curatur.
547 1130 655 1181 Sed
695 1129 1093 1180 elementorum
1132 1129 1269 1179 haec
1308 1129 1532 1191 quidem
1571 1142 1667 1190 per
1702 1142 1775 1185 se,
1816 1143 1871 1181 45

91 1205 226 1256 haec
251 1218 383 1256 vero
413 1219 508 1268 per
537 1204 811 1266 quaedam
840 1204 1023 1254 media
1052 1203 1377 1260 inferuntur,
1406 1210 1464 1253 ut
1486 1217 1633 1266 aqua
1660 1204 1776 1265 qui-

23 1287 67 1333 15
90 1279 216 1330 dem
260 1293 406 1329 nunc
448 1292 544 1341 per
589 1293 662 1337 se,
704 1293 850 1328 nunc
891 1292 1024 1329 vero
1066 1278 1346 1329 mediante
1384 1279 1516 1328 vino
1558 1284 1612 1328 et
1649 1278 1774 1328 oleo

90 1353 177 1405 vel
212 1354 421 1405 cunctis
456 1354 773 1404 humorosis
809 1353 1096 1404 fructibus,
1143 1352 1291 1402 Nihil
1328 1354 1473 1402 enim
1508 1352 1661 1402 aliud
1691 1359 1775 1403 est

88 1429 276 1479 vinum
306 1429 411 1479 nisi
440 1442 586 1491 aqua
614 1442 647 1478 a
677 1428 788 1479 vite
818 1427 980 1478 facta.
1021 1426 1282 1478 Similiter
1305 1433 1491 1478 autem
1520 1428 1771 1490 etignem
1817 1442 1871 1481 46

90 1502 405 1565 accipimus,
435 1516 582 1553 nunc
611 1501 834 1565 quidem
867 1516 964 1564 per
994 1515 1053 1553 se
1083 1502 1153 1552 ab
1183 1503 1307 1564 ipso
1334 1501 1601 1559 calefacti,
1632 1516 1778 1551 nunc

90 1590 220 1627 vero
266 1577 640 1628 mediantibus
702 1590 843 1640 quae
905 1576 1249 1627 comedimus
1294 1583 1348 1628 et
1393 1576 1650 1627 bibimus.
1718 1576 1775 1626 In

19 1652 299 1702 &cunctis
343 1665 582 1714 namque
630 1652 747 1702 sive
793 1653 969 1702 maior
1030 1652 1147 1702 sive
1208 1652 1389 1702 minor
1449 1665 1578 1714 pars
1631 1652 1776 1714 ignis

86 1739 386 1789 conspersa
422 1732 521 1776 est.
571 1725 781 1776 Eodem
820 1739 1041 1789 quoque
1078 1726 1248 1776 modo
1290 1725 1358 1776 de
1397 1740 1548 1783 aere;
1582 1740 1679 1789 per
1719 1740 1777 1775 se
1816 1741 1870 1779 47

91 1799 315 1862 quidem
358 1801 563 1852 utimur
607 1801 932 1852 anhelantes
976 1807 1031 1852 et
1074 1802 1216 1851 circa
1261 1815 1363 1851 nos
1407 1801 1563 1850 illum
1604 1800 1776 1850 diffu-

92 1888 215 1924 sum
250 1874 516 1926 habentes
552 1881 606 1926 et
641 1876 696 1925 in
734 1875 1080 1926 comedendo
1116 1881 1171 1926 et
1206 1875 1448 1926 bibendo
1481 1876 1776 1932 trahentes,

94 1961 189 2010 per
217 1948 328 1999 alia
353 1961 487 2000 vero
516 1950 889 2001 mediantibus
919 1950 1178 2001 omnibus
1208 1949 1348 2008 aliis,
1378 1951 1578 2014 quibus
1602 1952 1777 2001 vesci-

21 2028 68 2075 25
91 2037 227 2073 mur.
273 2021 496 2073 Terram
532 2037 664 2074 vero
702 2038 798 2086 per
833 2038 891 2074 se
928 2024 1151 2088 quidem
1185 2024 1340 2077 nullo
1370 2025 1541 2076 modo
1575 2026 1776 2088 accipi·
1817 2038 1872 2077 48

92 2111 230 2155 mus,
265 2096 363 2148 sed
401 2111 498 2160 per
534 2099 807 2161 quaedam
843 2100 1042 2149 media.
1089 2098 1257 2150 Terra
1290 2113 1530 2163 namque
1562 2099 1628 2150 fit
1662 2099 1776 2150 fru-

91 2177 334 2223 mentum
368 2178 422 2222 et
455 2171 791 2223 frumentum
827 2173 1185 2224 comedimus.
1230 2173 1556 2225 Corniculae
1590 2181 1774 2225 autem

90 2251 144 2296 et
177 2244 465 2296 columbae
500 2246 815 2308 frequenter
847 2253 1013 2310 atque
1050 2248 1299 2310 perdices
1333 2254 1477 2299 terra
1511 2249 1776 2306 cibantur,

166 2395 184 2434 l
221 2388 290 2436 et²
319 2407 409 2436 om.
441 2397 482 2436 D
546 2396 820 2437 discursioni
851 2397 890 2437 Β
1002 2397 1028 2438 3
1059 2401 1213 2439 autem
1247 2410 1337 2438 om.
1371 2399 1408 2438 Β
1522 2398 1548 2437 4
1582 2409 1783 2447 namque

88 2454 258 2495 animal
299 2465 483 2504 semper
526 2466 606 2505 per
650 2455 918 2497 manifestos
962 2460 1008 2498 et
1049 2457 1370 2498 inmanifestos
1416 2468 1553 2506 poros
1597 2457 1630 2497 A

90 2512 116 2552 5
149 2516 255 2562 post
282 2514 321 2554 Β
381 2514 408 2554 6
441 2518 510 2554 est
541 2526 631 2555 om.
664 2515 696 2555 A
763 2513 955 2565 apponi!
990 2517 1102 2566 poni
1134 2517 1168 2557 A
1234 2520 1311 2557 aut
1342 2528 1432 2557 om.
1465 2517 1503 2556 B
1655 2517 1678 2556 7
1715 2518 1781 2556 in-

89 2571 295 2622 digentia
325 2574 428 2615 rad.
453 2585 509 2616 ex
540 2575 828 2624 indulgentia
859 2586 977 2616 corr.
1003 2575 1042 2615 Ρ
1102 2575 1128 2616 9
1162 2577 1340 2616 nutrim.
1367 2576 1509 2625 indig.
1538 2579 1721 2627 transp.
1747 2577 1783 2616 Β

153 2629 206 2671 10
245 2642 444 2682 namque
477 2633 613 2674 nobis
646 2636 830 2685 transp.
862 2634 897 2675 A
1085 2634 1138 2675 14
1179 2636 1366 2684 quidem
1398 2635 1472 2676 Ho
1525 2647 1645 2685 quae
1678 2634 1719 2677 Ο

94 2689 146 2730 15
178 2700 287 2731 vero
319 2702 408 2732 om.
440 2693 478 2733 Β
616 2693 670 2733 16
702 2697 772 2734 est
803 2696 917 2735 ante
948 2693 1074 2735 aliud
1101 2705 1214 2745 pon.
1247 2695 1298 2744 A,
1338 2696 1449 2746 fort.
1479 2697 1594 2745 post
1625 2696 1780 2736 vinum

89 2750 431 2800 collocandum,
465 2753 521 2802 cf.
548 2747 708 2802 ἕτερον
733 2748 867 2792 οἶνός
890 2749 1011 2792 ἐςτιν
1033 2748 1125 2792 ΠΒ
1192 2754 1243 2794 17
1278 2766 1305 2794 a
1329 2756 1420 2794 vite
1445 2755 1484 2795 Ρ
1514 2766 1541 2794 a
1566 2756 1674 2796 vino
1702 2754 1784 2796 CB

89 2809 244 2849 vinum
276 2809 311 2850 A
376 2809 546 2859 autem}
580 2822 687 2852 vero
720 2812 754 2852 A
965 2813 1018 2853 18
1059 2814 1324 2863 accepimus
1355 2811 1389 2863 (ἰ
1425 2817 1478 2855 ut
1509 2816 1601 2855 vid.
1632 2826 1782 2865 supra

89 2878 118 2907 e
147 2880 236 2910 scr.
269 2881 327 2910 m.
355 2867 396 2919 1)
430 2869 468 2912 C
612 2870 667 2911 20
701 2873 820 2922 ignis
853 2885 943 2914 om.
975 2873 1014 2912 Β
1164 2872 1219 2913 28
1249 2876 1362 2923 post
1394 2874 1638 2914 columbae
1671 2876 1782 2914 add.

90 2930 241 2968 autem
274 2928 307 2968 A
373 2928 515 2978 nequ.
544 2933 655 2980 posi
691 2931 816 2979 perd.
846 2943 959 2982 pon.
994 2933 1033 2972 D
