1982 3172
222 87 307 134 DE
339 86 585 133 UNIONE
619 83 873 131 ΑΝΙΜΑΕ
906 83 983 129 ET
1017 82 1332 131 CORPORIS
1367 82 1504 129 CAP.
1533 83 1592 128 111
1686 90 1754 140 53

66 225 275 290 aliquid
309 224 432 276 tale.
478 223 542 274 Et
577 222 896 274 commixtio
930 222 1043 272 vini
1077 226 1132 272 et
1164 235 1342 284 aquae
1370 226 1603 284 utraque
1638 235 1755 273 cor-

67 300 284 364 rumpit.
332 298 524 362 Neque
561 298 706 349 enim
746 311 884 361 pura
919 310 1065 360 aqua
1102 301 1187 347 est
1224 296 1543 347 commixtio
1575 309 1754 360 neque

66 375 266 426 vinum.
325 373 390 425 Et
434 373 559 424 talis
604 373 844 424 mixtura
889 386 985 435 per
1028 372 1439 435 appositionem
1486 369 1635 422 facta
1673 384 1754 422 re-

66 449 209 513 fugit
242 447 662 500 sensibilitatem
697 452 923 511 propter
957 446 1279 498 tenuitatem
1314 446 1754 497 commixtorum.

20 540 44 574 5
66 523 424 575 Manifestum
479 529 662 574 autem
718 536 786 573 ex
840 521 959 579 hoc,
1016 520 1165 585 quod
1206 521 1404 572 iterum
1444 519 1752 571 abinvicem

66 603 300 661 possunt
338 597 598 660 separari.
651 595 900 659 Spongia
938 595 1082 645 enim
1123 593 1249 646 oleo
1289 594 1517 646 intincta
1555 608 1750 657 puram

64 678 291 723 exsucat
341 685 558 735 aquam,
613 672 692 721 sic
740 676 793 721 et
845 683 1107 734 papyrus
1171 668 1514 720 Sensibiliter
1565 674 1750 720 autem

67 761 323 811 separare
356 746 596 810 perfecte
629 746 782 797 unita
816 745 1042 796 omnino
1074 744 1434 808 impossibile.
1479 744 1534 795 Si
1568 750 1753 796 autem

67 836 166 873 nec
187 822 372 873 unitur
395 834 496 872 nec
519 820 735 871 adiacet
758 834 859 871 nec
883 820 1284 877 commiscetur,
1310 833 1452 882 quae
1471 820 1572 870 erit
1598 820 1754 877 ratio,

3 911 45 946 ·o
67 902 126 947 ut
185 896 398 947 dicatur
457 895 662 945 animal
723 895 934 946 unum?
1037 894 1239 945 Plato
1299 894 1467 958 igitur
1529 899 1754 958 propter

67 971 205 1021 hanc
226 984 446 1034 quoque
469 970 968 1021 inconvenientiam
991 983 1102 1021 non
1125 968 1246 1020 vult
1267 968 1471 1020 animal
1487 983 1555 1020 ex
1570 970 1756 1019 anima

63 1059 187 1096 esse
227 1050 281 1096 et
322 1058 566 1108 corpore,
610 1044 707 1095 sed
749 1045 990 1095 animam
1035 1057 1266 1108 corpore
1305 1048 1550 1095 utentem
1588 1049 1754 1107 atque

65 1125 346 1183 tamquam
362 1132 563 1182 corpus
578 1119 631 1169 in
639 1118 1026 1170 duentem.Sed
1040 1117 1206 1170 habet
1222 1121 1276 1169 et
1290 1116 1430 1169 ratio
1444 1117 1581 1169 haec
1597 1117 1754 1180 quid-

66 1195 194 1245 dam
230 1195 638 1245 inconveniens.
687 1193 983 1250 Quomodo
1020 1194 1166 1244 enim
1202 1207 1373 1244 unum
1410 1207 1533 1244 esse
1571 1198 1755 1256 potest

4 1285 43 1318 15
66 1283 188 1320 cum
212 1268 536 1320 indumento
560 1269 784 1319 anima?
819 1268 943 1319 Non
967 1269 1112 1319 enim
1135 1274 1221 1320 est
1242 1282 1413 1319 unum
1433 1269 1608 1319 vestis
1630 1282 1753 1318 cum

1818 1127 1845 1167 9

64 1344 282 1395 vestit0.
351 1342 466 1394 Am
482 1357 535 1394 m
550 1357 583 1394 o
598 1344 713 1393 niu
730 1358 756 1394 s
782 1357 915 1394 vero
946 1342 1265 1394 didascalus
1294 1342 1559 1394 Plotini
1589 1357 1755 1406 quae·
1791 1351 1844 1392 10

67 1418 302 1472 stionem
330 1418 436 1469 hoc
466 1418 634 1469 modo
667 1418 925 1469 dissolvit
955 1418 1143 1469 dicens
1175 1417 1556 1481 intellegibilia
1587 1417 1753 1469 talem

66 1492 266 1544 habere
289 1498 558 1550 naturam,
584 1498 645 1544 ut
670 1498 723 1544 et
747 1493 1008 1543 uniantur
1031 1492 1347 1544 valentibus
1372 1506 1439 1544 ea
1459 1493 1754 1556 suscipere,

66 1566 535 1631 quemadmodum
574 1567 953 1632 corruptibilia
989 1573 1043 1619 et
1080 1568 1235 1619 unita
1270 1572 1531 1618 maneant
1569 1568 1755 1619 incon-

0 1656 42 1692 κο
65 1641 191 1692 fusa
226 1646 279 1692 et
319 1641 637 1705 incorrupta
673 1646 733 1692 ut
771 1641 1096 1692 adiacentia.
1146 1640 1203 1692 In
1243 1641 1568 1704 corporibus
1605 1642 1749 1692 enim
1791 1652 1839 1693 11

67 1717 197 1767 unio
234 1717 694 1780 permutationem
733 1718 1176 1768 convenientium
1215 1718 1440 1768 omnino
1478 1722 1755 1781 operatur,

69 1791 197 1853 quia
229 1791 283 1842 in
318 1790 427 1842 alia
462 1805 695 1855 corpora
729 1797 1088 1855 permutatur,
1123 1798 1184 1843 ut
1217 1792 1490 1843 elementa
1518 1792 1572 1843 in
1609 1806 1755 1843 com-

65 1866 247 1928 posita
285 1871 339 1916 et
379 1866 483 1916 cibi
523 1866 576 1916 in
619 1867 945 1931 sanguinem
986 1872 1040 1918 et
1081 1868 1310 1931 sanguis
1345 1867 1399 1917 in
1441 1881 1660 1918 carnem
1696 1872 1750 1918 et

141 2103 159 2144 1
197 2116 318 2155 aqua
349 2104 383 2146 A
447 2102 613 2155 corrpit
637 2105 670 2147 A
705 2106 902 2157 corrupit
926 2106 966 2148 Ρ
1085 2106 1110 2147 2
1144 2118 1266 2158 aqua
1297 2109 1367 2147 est
1400 2107 1695 2148 commixtum
1721 2106 1761 2148 P

65 2167 133 2205 est
165 2175 286 2214 aqua
317 2165 564 2206 commixta
586 2165 624 2206 B
681 2167 794 2216 post
823 2177 978 2216 neque
1010 2167 1121 2208 add.
1155 2167 1450 2207 commixtum
1475 2167 1513 2208 B
1634 2166 1660 2207 3
1690 2167 1758 2206 νὶ-

65 2224 172 2264 tium
207 2218 266 2264 Ρ1
298 2235 417 2265 corr.
449 2217 562 2265 Ρ’“8
624 2219 630 2226 “
693 2224 808 2265 5-6
841 2228 1036 2275 possunt
1067 2226 1325 2267 adinvicem
1358 2226 1393 2267 A
1489 2237 1645 2276 puram
1679 2237 1757 2267 ex-

65 2283 198 2324 sudat
229 2283 263 2324 A
298 2287 428 2333 purat
460 2287 506 2325 et
537 2284 679 2324 siccat
709 2284 746 2324 B
882 2284 907 2325 7
940 2285 1007 2326 sic
1039 2288 1086 2326 et
1118 2287 1305 2336 papirus
1337 2286 1377 2326 Ρ
1406 2286 1473 2326 sic
1506 2286 1643 2326 etiam
1678 2297 1758 2335 pa-

67 2342 189 2391 pirus
220 2343 258 2384 B
288 2343 405 2384 sicut
436 2343 538 2392 ipsa
570 2344 692 2392 pirus
724 2343 758 2384 A
1029 2344 1056 2385 8
1089 2347 1245 2386 omnia
1277 2345 1549 2394 impossibll’
1582 2345 1616 2386 A

70 2401 123 2441 10
155 2402 309 2442 anima
338 2402 376 2443 Β
468 2399 617 2453 igitur]
651 2403 738 2442 sibi
771 2403 808 2443 B
932 2403 981 2444 11
1018 2415 1207 2455 quoque
1238 2416 1327 2445 om.
1361 2404 1446 2446 AB
1569 2403 1623 2444 12
1655 2415 1759 2446 esse

68 2462 180 2502 ante
210 2461 293 2503 sed
322 2473 433 2513 pon.
459 2462 542 2503 AB
618 2459 772 2512 atquel
807 2465 884 2502 aut
907 2463 944 2504 Β
1038 2463 1090 2504 13
1116 2457 1234 2517 (εί)
1260 2475 1345 2514 eyo
1372 2459 1484 2513 (καὶ)
1517 2475 1606 2504 om.
1633 2463 1761 2505 ΡΑΒ

128 2521 313 2569 quidam
346 2516 405 2562 Ρι
436 2533 554 2563 corr.
588 2515 646 2562 10²
679 2523 731 2561 nt
761 2522 854 2562 vid.
888 2523 1121 2573 quoddam
1154 2521 1187 2564 A
1345 2523 1398 2563 14
1431 2523 1553 2564 enim
1587 2523 1621 2564 A
1654 2535 1692 2564 s.
1718 2535 1758 2564 υ.

68 2581 223 2631 suppl.
255 2573 315 2621 1²⁸
347 2593 435 2622 om.
468 2574 573 2622 1³¹3
753 2591 858 2623 esse
889 2593 1029 2623 unum
1063 2585 1215 2632 potest
1247 2579 1313 2631 (Ιι.
1346 2579 1410 2631 ο.)
1441 2582 1480 2623 Β
1518 2584 1620 2647 ρᾷτ’
1655 2580 1758 2632 por*

69 2664 174 2696 esse
205 2653 238 2695 A
371 2654 424 2696 15
456 2658 527 2697 est
556 2666 696 2696 unum
731 2657 913 2706 transp.
946 2656 980 2697 A
1072 2657 1213 2698 vestis
1241 2659 1354 2708 post
1384 2658 1550 2698 vestito
1578 2668 1692 2708 pon.
1723 2657 1761 2699 B

133 2742 187 2783 16
216 2739 344 2792 vero]
377 2720 406 2781 τ’)
435 2743 474 2785 Β
595 2743 648 2785 17
673 2746 786 2786 ante
811 2745 899 2785 hoc
923 2746 1035 2786 add.
1061 2746 1181 2786 hanc
1204 2746 1242 2787 Β
1317 2746 1454 2787 solvit
1477 2746 1512 2788 A
1629 2746 1683 2788 18
1715 2750 1761 2788 et

71 2814 160 2843 om.
186 2802 223 2843 B
304 2802 566 2844 volentibus
600 2803 632 2844 A
759 2803 813 2844 19
845 2804 1064 2845 interfusa
1095 2805 1128 2846 A
1254 2804 1304 2845 21
1343 2808 1654 2855 permutantur
1676 2805 1758 2848 ΡΑ

147 2861 203 2902 24
243 2863 460 2921 corporis.
506 2862 556 2904 ln
588 2875 677 2905 om.
714 2864 760 2905 et
795 2865 909 2914 post
948 2864 1150 2916 intelleg.
1183 2866 1295 2908 add.
1327 2864 1525 2908 Animae
1562 2875 1673 2908 vero
1712 2866 1760 2907 in

73 2931 264 2971 corpore
294 2920 367 2963 vel
399 2932 501 2963 cum
534 2932 724 2973 corpore
755 2922 794 2963 Β

63 1939 273 2003 reliqua
305 1940 550 1991 membra
583 1942 845 2004 corporis,
891 1941 948 1991 In
982 1941 1433 2005 intellegibilibus
1467 1942 1600 1992 unio
1634 1943 1751 2005 qui·
1789 1950 1842 1992 12
