1982 3172
0 110 10 175 ι,
524 115 608 161 DE
643 115 968 162 ANHEeru
1004 116 1141 163 CAe.
1170 117 1365 162 xxvm
1692 125 1793 175 139

0 205 3 238 Ι

105 251 380 303 confortat
419 258 472 303 et
515 253 585 302 ad
629 253 970 316 digestiones
1012 254 1196 317 erigit;
1240 267 1406 317 super
1447 254 1582 304 haec
1621 254 1785 304 etiam

104 325 362 390 purificat
387 326 574 390 hepar.
616 327 775 379 Unde
806 328 970 379 etiam
1002 328 1091 379 hic
1119 328 1339 379 videtur
1370 328 1789 391 quomodolibet

102 400 284 452 factus
309 414 434 453 esse
466 408 690 465 propter
722 403 1063 466 sanguinem.
1109 402 1283 454 Renes
1316 417 1536 466 quoque
1567 404 1789 466 sangui·
1828 412 1883 452 23

102 476 188 526 nis
212 482 338 527 sunt
367 476 704 539 purificativi
731 483 784 527 et
813 491 981 527 causa
1008 478 1290 540 appetitus
1318 477 1568 528 coeundi.
1603 476 1789 527 Venae

57 564 357 614 suamque,
399 565 536 614 quas
580 551 813 602 dicimus
857 552 1079 602 tendere
1121 552 1193 602 ad
1237 551 1536 610 testiculos,
1579 566 1611 601 a
1651 553 1790 602 reni-

103 625 206 676 bus
234 630 437 676 exeunt
469 632 523 678 et
554 625 681 676 inde
715 626 945 690 implent
977 626 1289 677 acredinem
1322 626 1618 689 quandam,
1649 640 1789 688 quae

105 700 342 751 concitat
370 701 694 764 appetitum.
738 700 972 759 Acred0‚
1008 715 1149 764 quae
1185 701 1286 751 sub
1322 706 1444 752 cute
1477 701 1676 759 existit,
1709 700 1790 750 fa-

105 775 175 825 cit
204 775 500 838 pruritum:
535 781 742 838 quanto
775 781 959 826 autem
995 775 1374 827 testiculorum
1410 789 1536 826 caro
1570 774 1791 826 mollior

104 854 187 900 est
211 854 348 907 cute,
378 854 532 900 tanto
562 849 687 912 plus
717 849 786 900 ab
815 849 1071 900 acredine
1102 850 1343 900 demorsi
1369 849 1638 901 furiosam
1665 863 1792 900 con-

41 938 82 974 ιο
105 924 499 988 cupiscentiam
520 924 760 975 excitant
785 925 1142 987 proiectionis
1168 929 1407 979 seminis,
1518 927 1670 979 Haec
1701 929 1796 992 igi·
1831 933 1886 973 24

105 1004 193 1050 tur
230 1004 286 1050 et
327 998 438 1049 alia
478 998 611 1049 talia
655 998 1071 1062 quodammodo
1113 1004 1169 1049 et
1211 1004 1438 1061 propter
1478 1012 1536 1049 se
1574 999 1698 1061 ipsa
1739 1004 1792 1049 et

107 1079 333 1137 propter
362 1073 472 1124 alia
506 1073 654 1125 facta
690 1079 841 1131 sunt:
877 1074 1163 1124 suminosa
1195 1087 1329 1125 vero
1361 1074 1623 1132 membra,
1655 1088 1796 1137 quae

105 1160 302 1211 graece
344 1147 600 1199 dicuntur
643 1147 850 1198 adenes
890 1153 946 1198 et
990 1161 1116 1198 caro
1161 1153 1387 1211 propter
1429 1147 1538 1198 alia
1579 1153 1792 1198 tantum

106 1221 254 1274 facta
298 1228 440 1274 sunt.
496 1222 719 1273 Adenes
763 1236 1002 1285 namque
1049 1222 1211 1273 sedes
1255 1227 1310 1273 et
1356 1222 1792 1273 sustentaculum
1832 1231 1887 1272 25

42 1306 84 1341 15
109 1303 236 1348 sunt
277 1311 557 1356 vasorum,
601 1311 670 1348 ne
714 1304 1074 1361 erumpantur
1118 1298 1172 1347 in
1218 1298 1446 1361 longum
1489 1297 1577 1348 vel
1619 1298 1673 1348 in
1719 1297 1796 1348 al-

108 1376 223 1422 tum
276 1371 547 1435 producta
602 1372 655 1421 in
707 1371 968 1422 violentis
1022 1371 1377 1422 motionibus.
1429 1370 1570 1422 Caro
1609 1376 1794 1422 autem
1833 1380 1889 1421 26

108 1446 511 1509 operimentum
534 1445 683 1497 facta
709 1451 793 1497 est
819 1445 1054 1497 aliorum
1082 1446 1472 1504 membrorum,
1499 1451 1559 1497 ut
1586 1451 1796 1497 aestate

109 1519 396 1583 refrigeret
430 1520 634 1571 animal
676 1520 913 1571 calorem
951 1521 1021 1570 ab
1060 1520 1413 1571 interioribus
1451 1521 1706 1571 emittens
1743 1525 1797 1571 et

107 1594 286 1645 hieme
327 1595 574 1646 obtineat
615 1594 925 1653 utilitatem,
968 1609 1132 1658 quarn
1177 1594 1387 1646 faciunt
1430 1595 1526 1658 pili
1569 1595 1795 1645 iniuncti

43 1677 88 1713 20
109 1669 189 1720 eis
222 1669 609 1734 [animalibus].
655 1669 809 1721 Cutis
843 1683 1063 1732 quoque
1097 1670 1502 1733 operimentum
1536 1669 1684 1721 facta
1715 1675 1799 1720 est
1837 1678 1890 1719 27

111 1749 166 1795 et
205 1743 389 1796 mollis
433 1745 611 1796 carnis
654 1751 708 1797 et
751 1746 997 1795 omniurn
1041 1745 1277 1796 aliorum
1318 1745 1655 1796 interiorum.
1706 1744 1800 1796 Est

111 1818 313 1869 etenim
359 1831 485 1869 caro
533 1832 631 1881 per
676 1833 832 1870 suam
879 1825 1134 1870 naturam
1178 1824 1234 1871 et
1278 1833 1311 1869 a
1355 1818 1798 1870 circumhabente

112 1905 238 1943 aere
258 1897 312 1943 et
337 1892 406 1942 ab
430 1893 949 1955 approximantibus
975 1893 1300 1956 corporibus
1325 1893 1629 1944 morticina.
1655 1892 1800 1944 Ossa
1837 1901 1892 1943 28

114 1980 333 2030 quoque
363 1966 798 2018 sustentaculum
833 1973 960 2018 sunt
991 1969 1162 2019 totius
1196 1968 1443 2030 corporis
1476 1973 1529 2018 et
1560 1968 1799 2018 maxime

45 2042 290 2105 &spina
335 2055 500 2104 quarn
547 2047 767 2104 tropum
812 2042 1067 2092 animalis
1130 2042 1318 2093 dicunt
1377 2055 1514 2093 esse.
1571 2041 1799 2105 Ungues
1838 2051 1894 2091 29

114 2121 298 2167 autern
334 2129 680 2167 communem
719 2116 941 2179 quidem
980 2117 1237 2167 omnibus
1274 2116 1605 2167 habentibus
1644 2130 1800 2179 prae-

190 2238 208 2278 1
246 2238 304 2278 ad
338 2238 624 2288 digestiones
656 2238 789 2290 erigit
821 2250 909 2280 om.
935 2238 969 2280 A
1034 2239 1320 2289 digestiones
1354 2235 1395 2287 (s
1425 2239 1510 2289 fin.
1537 2249 1592 2279 ex
1617 2249 1658 2278 m
1685 2250 1803 2280 corr.

112 2312 169 2340 m.
205 2304 224 2339 1
260 2301 314 2340 ut
344 2295 455 2349 vid.)
488 2299 528 2339 Ρ
557 2298 862 2349 digestionem
899 2297 980 2340 CB
1041 2299 1183 2349 exigit
1213 2298 1251 2338 B
1371 2296 1398 2337 4
1431 2297 1716 2348 purincative
1747 2292 1806 2339 Ρι

113 2371 230 2401 corr.
260 2352 372 2400 Ρ’“8
404 2357 679 2408 purificaturi
712 2358 745 2399 A
871 2358 895 2398 7
929 2361 1041 2399 ante
1072 2356 1254 2399 Acredo
1287 2358 1332 2398 d.
1358 2358 1387 2397 l.
1413 2369 1454 2398 υ.
1487 2353 1639 2406 ὥςπερ
1672 2354 1746 2396 καὶ

113 2420 140 2461 9
173 2421 231 2460 ab
264 2430 354 2460 om.
381 2418 419 2460 C
508 2417 654 2458 9-10
687 2417 881 2458 furiosas
914 2417 1316 2467 concupiscentias
1341 2416 1375 2458 A
1473 2415 1527 2456 10
1561 2417 1805 2467 proiectio-

114 2473 259 2532 ni<s>
290 2479 363 2520 Ho
481 2478 534 2519 13
567 2488 731 2528 graece
764 2489 853 2518 om.
886 2477 927 2518 D
1044 2476 1097 2517 14
1130 2487 1331 2526 namque
1364 2488 1453 2517 om.
1486 2476 1520 2517 A
1639 2476 1692 2517 15
1726 2487 1807 2517 na-

114 2549 266 2580 sorum
298 2538 336 2580 B
395 2540 637 2587 erumpant
667 2537 704 2577 Β
827 2536 881 2577 16
914 2537 1135 2587 producta
1166 2536 1212 2576 M
1245 2536 1463 2577 eroducta
1492 2535 1531 2576 B
1654 2535 1708 2577 18
1739 2547 1807 2577 re-

117 2598 315 2648 frigeriet
337 2599 377 2639 P
406 2598 638 2649 reirigerat
664 2596 702 2638 C
731 2596 1014 2648 refrigeratur
1037 2597 1075 2638 Β
1136 2596 1311 2636 calores
1336 2594 1370 2636 A
1483 2594 1538 2635 19
1569 2596 1748 2636 obtinet
1771 2595 1806 2637 A

177 2656 232 2697 20
265 2659 332 2699 eis
363 2658 398 2700 A
433 2659 532 2699 eius
566 2655 695 2699 PCB
794 2656 1068 2697 animalibus
1102 2656 1251 2696 delevi
1340 2655 1440 2695 eius
1472 2647 1648 2708 <cuti>.
1696 2653 1808 2696 Ani-

118 2717 312 2758 malibus
345 2718 460 2760 cutis
494 2749 503 2759 .
530 2749 540 2759 .
567 2749 576 2759 .
610 2716 696 2766 Hc,
731 2729 823 2758 non
853 2717 1055 2767 probab.
1125 2718 1196 2756 est
1226 2715 1346 2756 iacta
1377 2711 1443 2764 (h.
1476 2711 1540 2763 ο.)
1571 2715 1610 2755 Β
1641 2714 1808 2755 iactum

117 2780 187 2818 est
217 2777 257 2818 Ρ
434 2777 485 2818 21
519 2778 633 2828 post
664 2777 792 2816 inter.
826 2777 936 2817 add.
972 2776 1274 2816 membrorum
1306 2774 1344 2815 Β
1524 2773 1699 2814 21-22
1732 2774 1810 2815 Est

117 2837 286 2879 etenim
318 2836 391 2878 Ηο
423 2837 554 2878 Esset
584 2836 706 2879 enim
741 2834 782 2877 Ο
821 2848 823 2851 ·
921 2835 975 2876 23
1009 2838 1055 2876 et
1085 2847 1174 2876 om.
1206 2835 1244 2876 Β
1379 2833 1434 2874 25
1467 2834 1625 2874 ηιαὶἰηι
1659 2835 1809 2884 tropin

118 2893 277 2997 (431¹),-
289 2896 346 2997 &A
377 2892 555 2947 τρόπιν,
587 2892 770 2947 τρόπην
802 2896 1028 2938 librorum
1056 2893 1245 2943 Graec.,·
1275 2889 1452 2944 τρόπον
1482 2904 1575 2934 ηοη
1603 2895 1812 2935 traditur

227 2967 281 2997 ca
