1982 3172
683 597 1152 668 PROLOGUS

142 743 279 794 Cum
323 746 536 793 constet
574 739 850 789 hominem
895 736 1104 787 cunctis
1149 735 1250 786 sibi
1297 732 1762 784 subditis‘innata
1806 743 1822 783 1

77 818 286 869 ratione
333 820 629 879 praestare,
676 826 801 863 eum
847 823 1073 861 necesse
1118 815 1202 860 est
1262 808 1349 859 vel
1395 808 1499 858 hac
1549 813 1766 858 exserta

76 905 265 943 eorum
312 889 600 946 dominari,
660 886 748 937 vel
809 886 912 936 hac
957 885 1222 948 depressa
1267 884 1405 946 ipsis
1448 883 1765 944 adaequari.

31 978 56 1012 5
77 965 235 1018 Unde
261 976 710 1026 unumquemque
739 966 959 1024 oportet
985 959 1118 1010 eniti
1146 957 1390 1008 medulla
1418 963 1579 1008 tenus
1608 955 1770 1006 disci-

78 1039 240 1103 plinis
279 1037 587 1100 studiisque
626 1037 896 1087 rationem
933 1033 1234 1090 intendere,
1270 1046 1339 1083 ne
1378 1037 1652 1082 statuatur
1688 1030 1769 1080 ia-

76 1113 272 1164 mulari
315 1113 495 1176 magis
538 1118 598 1162 ut
640 1111 801 1161 bruta
843 1108 1119 1165 animalia,
1164 1121 1328 1170 quam
1374 1106 1671 1169 principari
1710 1112 1769 1155 ut

80 1188 289 1240 ratione
345 1187 570 1238 utentia.
629 1184 693 1235 Et
750 1184 847 1234 tibi
906 1182 1128 1246 quidem
1189 1183 1243 1232 in
1289 1182 1409 1238 hoc,
1461 1181 1766 1236 domine,
1804 1190 1828 1228 2

81 1269 233 1314 tanto
265 1275 396 1325 prae
430 1261 623 1311 ceteris
656 1260 927 1310 curiosius
958 1256 1402 1308 adlaborandum
1434 1262 1532 1313 est,
1565 1260 1772 1318 quanto

18 1347 61 1383 10
81 1351 204 1388 cum
242 1337 450 1393 ceteris,
489 1334 806 1386 hominibus
845 1346 1065 1396 quoque
1103 1320 1239 1395 ipsis
1278 1332 1549 1393 imperare
1588 1329 1772 1380 decer-

80 1412 240 1462 neris.
292 1409 387 1461 Est
426 1410 628 1461 etenim
670 1409 899 1459 rationis
940 1405 1267 1458 rationalem
1309 1411 1363 1456 et
1401 1419 1592 1456 eorum
1631 1417 1772 1466 quae
1806 1415 1831 1454 3

80 1487 132 1535 in
172 1499 231 1536 se
267 1484 647 1535 advertentem
686 1483 987 1539 instituere,
1025 1487 1079 1532 et
1115 1494 1306 1532 eorum
1346 1493 1486 1543 quae
1520 1485 1675 1530 extra
1714 1492 1771 1528 se

82 1559 467 1623 disponentem
507 1559 791 1608 instruere.
854 1556 1052 1619 Sicque
1108 1560 1321 1608 statutis
1371 1557 1586 1621 legibus
1635 1562 1774 1606 rato-

82 1647 186 1697 que
210 1633 588 1684 moderamine
614 1646 714 1683 nec
739 1646 797 1683 se
824 1644 993 1695 supra
1017 1630 1247 1681 modum
1273 1628 1489 1680 attollet
1510 1628 1774 1685 domini0,

19 1717 60 1754 ιε
82 1722 181 1759 nec
218 1707 289 1758 ad
330 1707 661 1759 famulatum
701 1705 1033 1757 famulantia
1073 1711 1234 1768 coget
1272 1704 1483 1766 absque
1522 1704 1773 1760 termino,

83 1782 195 1840 sed,
238 1782 610 1846 praelatorum
656 1781 965 1843 suimetque
1008 1793 1108 1830 nec
1148 1794 1260 1830 non
1304 1785 1357 1829 et
1400 1779 1771 1829 subiectorum

70 1856 314 1908 ,scienter
342 1856 662 1907 trutinando
691 1861 934 1912 naturaS,
965 1855 1068 1904 sibi
1099 1853 1322 1917 quidem
1354 1853 1504 1916 quod
1534 1866 1773 1915 aequum

82 1937 165 1981 est
187 1943 536 1988 conservans,
559 1937 612 1981 et
635 1930 912 1993 praelatis,
935 1929 1041 1979 hoc
1062 1934 1146 1980 est
1169 1928 1389 1984 divinis,
1410 1927 1654 1978 debitam
1676 1927 1775 1976 im-

84 2003 288 2067 pendet
330 2005 692 2056 reverentiam
734 2011 790 2055 et
835 2004 1095 2055 subiectis
1139 2004 1340 2053 iustam
1386 2002 1636 2064 iniunget
1679 2001 1775 2051 ob-

24 2079 445 2142 wsequentiam.
517 2077 701 2130 Semet
742 2080 925 2142 ipsum
972 2092 1210 2141 namque
1258 2079 1399 2128 iuste
1447 2078 1628 2140 privat
1673 2077 1773 2126 im-
1809 2086 1835 2124 4

85 2154 253 2216 perio,
279 2153 529 2216 quisquis
554 2166 655 2203 nec
679 2167 737 2205 se
763 2153 1049 2217 cognoscit
1073 2166 1174 2203 nec
1197 2166 1277 2210 ea,
1300 2152 1500 2214 quibus
1525 2152 1775 2214 imperat.

85 2227 244 2278 Unde
287 2227 559 2291 sapientia
602 2226 827 2278 inducta
868 2229 1107 2279 revisere
1151 2227 1428 2289 quendam
1473 2240 1634 2276 suurn
1679 2224 1776 2275 do·
1810 2235 1835 2273 5

85 2300 372 2354 mesticum
406 2303 649 2365 graviter
677 2301 888 2353 ratione
921 2301 1295 2352 infirmantem
1328 2299 1772 2364 opprimentibus

86 2376 321 2428 diversis
363 2375 681 2432 infortuniis
725 2377 778 2425 in
822 2377 1091 2440 principio
1135 2389 1452 2427 sermonum
1497 2375 1575 2424 sic
1614 2375 1778 2425 inter-

30 2457 68 2492 δ
89 2456 248 2514 rogat
277 2450 627 2513 languidum:
684 2447 843 2500 ενοεῖ(
885 2448 1107 2507 ἑαυτόν;
1136 2451 1242 2500 hoc
1269 2456 1378 2500 est:
1409 2448 1701 2511 cognoscis
1724 2453 1777 2498 te

88 2522 342 2587 ipsumv’,
378 2531 438 2576 ut
470 2526 515 2575 si
553 2539 661 2588 qua
698 2525 1026 2588 deperdidit,
1062 2530 1388 2587 recuperatu
1425 2524 1588 2575 sciret
1617 2522 1772 2574 facil-

90 2597 233 2656 lima,
265 2605 546 2662 tamquam
581 2599 946 2650 fundamento
980 2604 1282 2655 constante,
1314 2597 1534 2648 valente
1566 2597 1777 2654 notitia.

167 2718 184 2758 1
239 2713 628 2772 (PROLOGUS)
661 2731 762 2771 eqo,
803 2721 860 2771 cf.
898 2719 1158 2769 Exp.-prol.
1202 2720 1456 2760 secundum
1490 2720 1615 2759 hanc
1647 2720 1779 2760 dedi-

87 2779 549 2829 catamepistulam:
589 2791 730 2830 quam
764 2781 875 2820 add.
909 2779 948 2819 P
976 2790 1066 2820 om.
1100 2778 1140 2819 D
1324 2777 1379 2818 25
1420 2773 1544 2816 νοεῖ(
1577 2773 1780 2816 ἑαυτόν7

87 2837 184 2906 Βρε
214 2836 343 2878 Noas
374 2842 544 2879 eauton
577 2839 625 2886 Ρ,
660 2840 706 2879 ἱη
740 2850 890 2888 mat-9.
916 2840 1027 2879 add.
1063 2839 1252 2878 boecius
1285 2831 1351 2878 12⁸
1444 2837 1500 2877 26
1533 2847 1656 2886 quae.
1686 2837 1782 2877 Bae

88 2907 191 2937 eme
221 2908 369 2938 causa

179 2973 349 3008 Nemes.
377 2974 430 3008 ab
458 2973 612 3009 Alfano
639 2974 784 3010 transl.
811 2974 877 3009 ed.
906 2974 1125 3011 Burkhard
1492 2971 1510 3010 l
