1982 3172
254 130 354 180 114
615 122 872 169 NEMESII
905 123 1221 170 PREMNON
1253 124 1578 173 PHYSICON

247 260 517 310 inebriari.
590 260 710 322 Ipse
757 261 922 323 igitur
964 261 1185 312 sibimet
1229 261 1410 312 factus
1453 268 1537 314 est
1578 264 1923 326 ignorantiae

249 351 427 390 causa.
465 332 616 384 Haec
645 334 811 397 igitur
838 348 951 385 non
982 348 1078 398 per
1107 336 1476 398 ignorantiam
1507 337 1703 389 dicitur
1729 337 1925 397 facere,

246 412 343 462 sed
401 414 740 476 ignorantem
801 422 980 471 agere,
1027 423 1166 472 quae
1211 423 1321 460 non
1368 416 1496 462 sunt
1538 411 1923 470 involuntaria,

246 483 342 532 sed
378 482 707 534 voluntaria.
758 483 917 534 Unde
954 484 1337 546 vituperantur
1374 486 1539 535 etiam
1578 499 1611 536 a
1647 486 1808 537 bonis
1843 487 1923 537 vi-

245 558 333 614 ris,
362 557 453 619 qui
484 556 621 607 haec
650 558 875 620 egerint.
918 557 974 609 Si
1007 558 1151 608 enim
1181 572 1292 608 non
1320 558 1693 619 inebriaretur,
1717 574 1923 624 nequa·
1971 579 1980 610 ε

245 644 410 692 quam
434 630 653 682 faceret.
693 631 900 682 Volens
929 638 1112 683 autern
1143 633 1443 684 inebriatus
1470 639 1578 691 est;
1605 633 1800 685 volens
1823 635 1923 698 igi-

186 713 211 753 8
243 711 331 755 tur
363 710 417 756 et
452 704 590 755 haec
624 705 768 757 fecit.
816 706 918 757 Per
954 707 1322 769 ignorantiam
1357 721 1490 758 vero
1523 708 1661 759 haec
1689 709 1922 772 agimus,

244 793 366 829 curn
406 793 519 830 non
562 781 668 843 ipsi
711 780 1110 832 obtinuerimus
1155 795 1378 832 causam
1421 782 1780 846 ignorantiae,
1823 783 1922 834 sed

242 859 301 904 ut
338 855 642 917 contigerit,
682 861 743 906 ut
779 856 835 905 in
875 854 997 906 loco
1038 855 1203 906 solito
1244 857 1366 919 quis
1403 857 1673 919 sagittans
1708 862 1920 920 patrem

184 935 211 974 9
241 934 617 980 transeuntem
654 942 750 992 per
787 936 1046 981 eventum
1085 931 1394 992 percutiens
1432 931 1718 982 interemit.
1843 931 1921 982 Ex
1949 948 1977 984 ιι

155 1309 207 1349 10

153 1607 200 1647 11

149 2052 201 2091 12

242 1002 538 1065 praedictis
576 1003 744 1066 igitur
786 1004 1109 1063 ostenditur,
1150 1004 1299 1067 quod
1339 1018 1451 1056 non
1491 1005 1754 1068 ignorans
1795 1019 1921 1057 con-

239 1078 523 1140 tingentia,
554 1091 733 1141 neque
769 1077 1061 1129 dinoscens
1095 1078 1311 1129 inutilia
1346 1092 1468 1130 esse
1501 1079 1672 1138 utilia,
1708 1080 1920 1143 passio-

238 1165 364 1201 nem
401 1151 828 1203 involuntariam
870 1153 1117 1204 sustinet.
1166 1152 1295 1203 Eius
1333 1167 1571 1216 namque
1606 1154 1727 1204 vitii
1762 1154 1919 1217 igno-

240 1226 416 1276 rantia
446 1231 530 1277 est
563 1239 744 1277 causa.
786 1226 1144 1290 Vituperatur
1177 1240 1309 1291 ergo
1342 1233 1396 1278 et
1428 1228 1545 1279 iste.
1587 1227 1696 1279 Sed
1722 1227 1919 1279 volun-

240 1301 504 1350 tariorum
541 1306 626 1352 est
662 1302 1012 1364 vituperatio
1063 1301 1188 1351 Non
1227 1302 1395 1365 igitur
1433 1301 1827 1353 universalium
1865 1308 1919 1353 et
1947 1319 1972 1354 l!

238 1374 579 1437 generalium
602 1375 691 1426 vel
720 1389 928 1434 eorum,
958 1389 1098 1438 quae
1130 1375 1431 1427 secundum
1462 1376 1918 1439 praeelectionem

240 1454 381 1507 sunt,
404 1448 776 1501 involuntaria
801 1455 886 1501 est
911 1450 1238 1513 ignorantia,
1268 1449 1366 1501 sed
1394 1463 1599 1508 eorum,
1627 1463 1768 1514 quae
1791 1456 1918 1502 sunt
1957 1450 1962 1455 ’

238 1525 292 1572 in
338 1529 508 1587 parte.
563 1523 691 1574 Alia
735 1524 879 1574 enim
927 1537 1024 1586 per
1070 1524 1289 1587 singula
1332 1524 1598 1583 nolenteS,
1643 1524 1915 1588 quaedam

237 1603 421 1648 autem
443 1598 827 1649 universaliter
853 1598 1103 1649 volentes
1128 1594 1464 1661 ignoramus.
1504 1598 1602 1648 His
1629 1599 1813 1662 itaque
1840 1599 1918 1649 sic

238 1672 614 1723 determinatis
649 1672 908 1735 deinceps
946 1672 1239 1723 dicendum
1274 1679 1372 1730 est,
1411 1672 1595 1735 qualia
1631 1673 1740 1724 sint
1775 1685 1914 1736 quae
1940 1668 1979 1723 21⁴

236 1760 333 1809 per
370 1746 604 1810 singula.
655 1746 805 1797 Haec
840 1752 1025 1797 autem
1066 1752 1207 1805 sunt,
1247 1760 1387 1809 quae
1423 1753 1692 1797 vocantur
1727 1761 1761 1797 a
1794 1746 1913 1797 rhe-

235 1821 421 1871 toricis
441 1821 851 1872 circumstantia
873 1820 1133 1879 membra,
1154 1820 1260 1871 hoc
1278 1826 1388 1871 est:
1412 1821 1549 1883 quis,
1573 1834 1751 1883 quem,
1766 1821 1913 1883 quid,

236 1890 358 1945 cum
386 1909 510 1958 qu0,
541 1895 649 1953 ubi,
681 1895 918 1958 quando,
951 1895 1248 1958 quomodo,
1280 1900 1504 1958 propter
1535 1895 1681 1958 quid,
1707 1900 1768 1946 ut
1793 1907 1913 1958 per-

236 1983 387 2027 sona,
429 1969 652 2027 facturn,
696 1970 1135 2027 instrumentum,
1176 1968 1346 2027 locus
1405 1974 1638 2032 tempus
1696 1968 1911 2020 modus,

236 2057 416 2093 causa.
474 2043 636 2093 Verbi
682 2044 861 2107 gratia
905 2056 1143 2106 persona
1189 2043 1411 2106 quidem
1457 2049 1540 2095 est
1583 2056 1769 2106 agenS,
1821 2042 1909 2093 vel
1937 2058 1964 2093 2

236 2119 376 2168 circa
416 2131 577 2180 quem
620 2124 800 2168 actum
843 2123 926 2169 est
965 2118 1123 2176 acti0,
1163 2123 1225 2168 ut
1265 2118 1310 2168 si
1349 2123 1560 2180 patrem
1598 2116 1750 2168 filius
1791 2130 1910 2180 per-

309 2299 334 2338 2
369 2300 457 2339 hoc
489 2299 530 2339 D
683 2299 709 2339 3
742 2295 1005 2351 suntss'non
1038 2298 1103 2347 (Ιι.
1130 2298 1194 2348 0.)
1226 2302 1261 2339 A
1399 2299 1425 2337 4
1458 2299 1818 2349 invituperantur
1849 2293 1915 2344 (in

233 2359 321 2398 del.
341 2370 405 2398 m.
429 2355 473 2408 2)
509 2357 547 2399 C
677 2358 702 2398 5
735 2354 830 2407 qui]
865 2357 1051 2407 quidem
1087 2351 1143 2398 C¹
1175 2369 1293 2398 corr.
1321 2350 1378 2398 0²
1410 2357 1536 2407 quod
1566 2356 1601 2397 A
1694 2355 1783 2396 hoc
1813 2355 1854 2396 D

236 2417 260 2456 7
294 2421 339 2457 et
371 2428 459 2458 om.
491 2418 529 2458 B
602 2417 691 2458 hoc
722 2417 830 2458 fecit
860 2415 947 2458 AC
975 2416 1060 2457 fec.
1094 2417 1183 2457 hoc
1215 2413 1281 2466 (h.
1314 2412 1378 2465 ο.)
1409 2416 1447 2456 Β
1517 2407 1655 2455 haec²
1684 2414 1725 2455 P
1754 2414 1844 2455 hoc
1874 2414 1915 2454 D

308 2476 335 2515 9
367 2471 437 2516 ut¹
461 2476 507 2516 M
539 2488 627 2517 om.
652 2477 703 2526 B,
736 2487 860 2527 exsp.
886 2477 952 2516 sic
977 2472 1105 2525 (Ho),
1139 2476 1193 2527 cf.
1221 2478 1283 2516 ita
1307 2472 1394 2526 (By
1417 2472 1492 2524 El)
1518 2489 1572 2504 =
1598 2469 1750 2512 οὕτω(
1826 2466 1914 2521 ut²l

232 2536 304 2576 vel
335 2536 373 2597 Β
457 2537 715 2586 sagittarius
747 2536 781 2577 A
816 2536 995 2586 agitans
1031 2534 1068 2576 C
1196 2534 1249 2575 10
1282 2534 1558 2575 interemerit
1586 2533 1624 2573 B
1747 2531 1800 2572 13
1833 2531 1913 2572 Ei*

233 2591 275 2643 (s
307 2606 427 2635 eras.
461 2592 572 2646 vid.)
609 2594 646 2636 C
683 2594 759 2635 Eis
790 2594 874 2636 AB
1049 2594 1220 2634 13—14
1252 2594 1509 2644 ignorantia
1539 2595 1610 2632 est
1641 2602 1781 2632 causa
1811 2585 1916 2632 AP³

234 2655 286 2694 ut
317 2655 408 2695 vid.
441 2655 745 2704 ignorantiam
771 2664 911 2694 causa
933 2648 992 2694 Ρι
1025 2653 1311 2703 ignorantiae
1335 2655 1404 2694 est
1428 2661 1567 2692 causa
1593 2649 1630 2692 C
1659 2651 1916 2702 ignorantia

233 2716 302 2752 est
334 2715 490 2753 omnia
520 2714 557 2754 Β
681 2714 734 2753 15
768 2716 837 2754 est
868 2713 944 2753 vit.
979 2715 1160 2763 transp.
1192 2712 1227 2754 Α
1353 2710 1523 2751 15-16
1556 2714 1602 2751 et
1631 2709 1913 2760 generalium

233 2783 320 2811 om.
355 2772 390 2812 A
557 2773 610 2812 16
643 2783 798 2813 eorum
830 2773 984 2822 suppl.
1016 2765 1077 2813 ΑΞΕ
1240 2771 1291 2811 17
1325 2766 1643 2818 involuntaria]
1677 2770 1723 2808 in
1754 2767 1914 2808 volun-

232 2833 324 2871 tate
358 2830 439 2872 CB
589 2830 645 2871 20
678 2832 764 2872 dic.
798 2834 868 2872 est
900 2833 1080 2881 transp.
1113 2831 1148 2871 A
1270 2840 1389 2880 quae
1421 2840 1509 2869 om.
1540 2829 1578 2869 B
1720 2826 1771 2867 21
1803 2829 1918 2877 post

232 2890 351 2939 sing.
382 2901 419 2930 s.
453 2902 493 2930 υ.
525 2891 734 2931 volentes
766 2902 853 2931 scr.
886 2883 945 2930 12⁸
1087 2889 1142 2929 23
1176 2889 1408 2939 quomodo
1442 2899 1530 2928 om.
1563 2888 1600 2928 Β
1741 2884 1914 2926 24-26
1980 2933 1982 2939 Ι

232 2948 382 2988 locum
418 2980 426 2988 .
456 2980 463 2988 .
493 2980 501 2989 .
535 2949 677 2988 filium
712 2944 769 2989 Ρ1
803 2953 920 2989 corr.
954 2943 1013 2988 P'2
1980 2949 1982 2955 ’
