<?xml version="1.0" encoding="UTF-8"?>
<!DOCTYPE html PUBLIC "-//W3C//DTD XHTML 1.0 Transitional//EN"
    "http://www.w3.org/TR/xhtml1/DTD/xhtml1-transitional.dtd">
<html xmlns="http://www.w3.org/1999/xhtml" xml:lang="en" lang="en">
 <head>
  <title>
</title>
<meta http-equiv="Content-Type" content="text/html;charset=utf-8" />
  <meta name='ocr-system' content='tesseract 3.04.00' />
  <meta name='ocr-capabilities' content='ocr_page ocr_carea ocr_par ocr_line ocrx_word'/>
</head>
<body>
  <div class='ocr_page' id='page_1' title='image "./nemesiiepiscopip00nemeuoft_0154.png"; bbox 0 0 1982 3172; ppageno 0'>
   <div class='ocr_carea' id='block_1_1' title="bbox 113 325 165 365">
    <p class='ocr_par' dir='ltr' id='par_1_1' title="bbox 113 325 165 365">
     <span class='ocr_line' id='line_1_1' title="bbox 113 325 165 365; baseline 0 0"><span class='ocrx_word' id='word_1_1' title='bbox 113 325 165 365; x_wconf 89' lang='lat'>18</span> 
     </span>
    </p>
   </div>
   <div class='ocr_carea' id='block_1_2' title="bbox 117 550 169 589">
    <p class='ocr_par' dir='ltr' id='par_1_2' title="bbox 117 550 169 589">
     <span class='ocr_line' id='line_1_2' title="bbox 117 550 169 589; baseline -0.019 0"><span class='ocrx_word' id='word_1_2' title='bbox 117 550 169 589; x_wconf 89' lang='grc'>19</span> 
     </span>
    </p>
   </div>
   <div class='ocr_carea' id='block_1_3' title="bbox 114 921 168 961">
    <p class='ocr_par' dir='ltr' id='par_1_3' title="bbox 114 921 168 961">
     <span class='ocr_line' id='line_1_3' title="bbox 114 921 168 961; baseline 0 0"><span class='ocrx_word' id='word_1_3' title='bbox 114 921 168 961; x_wconf 89' lang='grc'>20</span> 
     </span>
    </p>
   </div>
   <div class='ocr_carea' id='block_1_4' title="bbox 116 1293 166 1334">
    <p class='ocr_par' dir='ltr' id='par_1_4' title="bbox 116 1293 166 1334">
     <span class='ocr_line' id='line_1_4' title="bbox 116 1293 166 1334; baseline -0.02 0"><span class='ocrx_word' id='word_1_4' title='bbox 116 1293 166 1334; x_wconf 87' lang='grc'>21</span> 
     </span>
    </p>
   </div>
   <div class='ocr_carea' id='block_1_5' title="bbox 119 1887 174 1927">
    <p class='ocr_par' dir='ltr' id='par_1_5' title="bbox 119 1887 174 1927">
     <span class='ocr_line' id='line_1_5' title="bbox 119 1887 174 1927; baseline 0 0"><span class='ocrx_word' id='word_1_5' title='bbox 119 1887 174 1927; x_wconf 90' lang='grc'>22</span> 
     </span>
    </p>
   </div>
   <div class='ocr_carea' id='block_1_6' title="bbox 205 105 1531 161">
    <p class='ocr_par' dir='ltr' id='par_1_6' title="bbox 205 105 1531 161">
     <span class='ocr_line' id='line_1_6' title="bbox 205 105 1531 161; baseline 0.003 -10"><span class='ocrx_word' id='word_1_6' title='bbox 205 112 305 161; x_wconf 86' lang='grc'>138</span> <span class='ocrx_word' id='word_1_7' title='bbox 567 105 824 151; x_wconf 91' lang='lat' dir='ltr'>NEMESII</span> <span class='ocrx_word' id='word_1_8' title='bbox 858 106 1174 153; x_wconf 84' lang='lat' dir='ltr'>PREMNON</span> <span class='ocrx_word' id='word_1_9' title='bbox 1207 108 1531 155; x_wconf 83' lang='lat' dir='ltr'><strong>PHYSICON</strong></span> 
     </span>
    </p>
   </div>
   <div class='ocr_carea' id='block_1_7' title="bbox 199 242 1980 2164">
    <p class='ocr_par' dir='ltr' id='par_1_7' title="bbox 199 242 1980 2164">
     <span class='ocr_line' id='line_1_7' title="bbox 201 242 1878 308; baseline 0.005 -16"><span class='ocrx_word' id='word_1_10' title='bbox 201 248 411 294; x_wconf 90' lang='lat' dir='ltr'>creator</span> <span class='ocrx_word' id='word_1_11' title='bbox 439 257 538 306; x_wconf 92' lang='lat' dir='ltr'>pro</span> <span class='ocrx_word' id='word_1_12' title='bbox 573 242 818 294; x_wconf 82' lang='lat' dir='ltr'>anhelitu</span> <span class='ocrx_word' id='word_1_13' title='bbox 848 248 903 294; x_wconf 94' lang='lat' dir='ltr'>et</span> <span class='ocrx_word' id='word_1_14' title='bbox 935 243 1187 302; x_wconf 91' lang='lat' dir='ltr'>odoratu,</span> <span class='ocrx_word' id='word_1_15' title='bbox 1220 250 1280 295; x_wconf 93' lang='lat' dir='ltr'>ut</span> <span class='ocrx_word' id='word_1_16' title='bbox 1311 244 1501 308; x_wconf 89' lang='lat' dir='ltr'>lingua</span> <span class='ocrx_word' id='word_1_17' title='bbox 1529 260 1629 308; x_wconf 90' lang='lat' dir='ltr'>pro</span> <span class='ocrx_word' id='word_1_18' title='bbox 1656 261 1792 299; x_wconf 91' lang='lat' dir='ltr'>voce</span> <span class='ocrx_word' id='word_1_19' title='bbox 1824 254 1878 299; x_wconf 93' lang='lat' dir='ltr'>et</span> 
     </span>
     <span class='ocr_line' id='line_1_8' title="bbox 199 317 1878 381; baseline 0.004 -15"><span class='ocrx_word' id='word_1_20' title='bbox 199 322 366 380; x_wconf 90' lang='lat' dir='ltr'>gustu</span> <span class='ocrx_word' id='word_1_21' title='bbox 411 322 465 368; x_wconf 94' lang='lat' dir='ltr'>et</span> <span class='ocrx_word' id='word_1_22' title='bbox 510 317 907 368; x_wconf 82' lang='lat' dir='ltr'>masticatione.</span> <span class='ocrx_word' id='word_1_23' title='bbox 964 317 1295 381; x_wconf 91' lang='lat' dir='ltr'>Principalia</span> <span class='ocrx_word' id='word_1_24' title='bbox 1338 332 1471 370; x_wconf 91' lang='lat' dir='ltr'>vero</span> <span class='ocrx_word' id='word_1_25' title='bbox 1517 321 1762 372; x_wconf 90' lang='lat' dir='ltr'>membra</span> <span class='ocrx_word' id='word_1_26' title='bbox 1806 321 1878 372; x_wconf 90' lang='lat' dir='ltr'>ad</span> 
     </span>
     <span class='ocr_line' id='line_1_9' title="bbox 200 391 1878 453; baseline 0.004 -13"><span class='ocrx_word' id='word_1_27' title='bbox 200 392 376 453; x_wconf 88' lang='lat' dir='ltr'>ipsam</span> <span class='ocrx_word' id='word_1_28' title='bbox 430 391 779 442; x_wconf 85' lang='lat' dir='ltr'>existentiam</span> <span class='ocrx_word' id='word_1_29' title='bbox 832 397 887 442; x_wconf 93' lang='lat' dir='ltr'>et</span> <span class='ocrx_word' id='word_1_30' title='bbox 940 391 1011 441; x_wconf 91' lang='lat' dir='ltr'>ad</span> <span class='ocrx_word' id='word_1_31' title='bbox 1052 393 1391 443; x_wconf 92' lang='lat' dir='ltr'>necessarias</span> <span class='ocrx_word' id='word_1_32' title='bbox 1429 394 1576 445; x_wconf 91' lang='lat' dir='ltr'>vitae</span> <span class='ocrx_word' id='word_1_33' title='bbox 1613 395 1878 446; x_wconf 84' lang='lat' dir='ltr'>utilitates</span> 
     </span>
     <span class='ocr_line' id='line_1_10' title="bbox 200 466 1880 532; baseline 0.003 -17"><span class='ocrx_word' id='word_1_34' title='bbox 200 466 531 516; x_wconf 90' lang='lat' dir='ltr'>animalibus</span> <span class='ocrx_word' id='word_1_35' title='bbox 562 466 859 517; x_wconf 90' lang='lat' dir='ltr'>virtutibus</span> <span class='ocrx_word' id='word_1_36' title='bbox 898 466 1313 518; x_wconf 91' lang='lat' dir='ltr'>distribuuntur.</span> <span class='ocrx_word' id='word_1_37' title='bbox 1359 467 1416 518; x_wconf 92' lang='lat' dir='ltr'>Si</span> <span class='ocrx_word' id='word_1_38' title='bbox 1450 481 1583 519; x_wconf 91' lang='lat' dir='ltr'>vero</span> <span class='ocrx_word' id='word_1_39' title='bbox 1620 469 1751 532; x_wconf 90' lang='lat' dir='ltr'>quid</span> <span class='ocrx_word' id='word_1_40' title='bbox 1787 470 1880 521; x_wconf 92' lang='lat' dir='ltr'>de-</span> 
     </span>
     <span class='ocr_line' id='line_1_11' title="bbox 204 540 1953 605; baseline 0.003 -16"><span class='ocrx_word' id='word_1_41' title='bbox 204 540 450 591; x_wconf 86' lang='lat' dir='ltr'>relictum</span> <span class='ocrx_word' id='word_1_42' title='bbox 475 546 573 598; x_wconf 90' lang='lat' dir='ltr'>est,</span> <span class='ocrx_word' id='word_1_43' title='bbox 601 554 669 590; x_wconf 91' lang='lat' dir='ltr'>ex</span> <span class='ocrx_word' id='word_1_44' title='bbox 698 541 807 591; x_wconf 90' lang='lat' dir='ltr'>iam</span> <span class='ocrx_word' id='word_1_45' title='bbox 839 541 998 592; x_wconf 92' lang='lat' dir='ltr'>dictis</span> <span class='ocrx_word' id='word_1_46' title='bbox 1027 543 1450 605; x_wconf 87' lang='lat' dir='ltr'>contemplabile</span> <span class='ocrx_word' id='word_1_47' title='bbox 1475 544 1590 594; x_wconf 92' lang='lat' dir='ltr'>erit.</span> <span class='ocrx_word' id='word_1_48' title='bbox 1682 544 1882 600; x_wconf 89' lang='lat' dir='ltr'>Quem·</span> <span class='ocrx_word' id='word_1_49' title='bbox 1931 559 1953 594; x_wconf 90' lang='lat'>5</span> 
     </span>
     <span class='ocr_line' id='line_1_12' title="bbox 200 615 1878 682; baseline 0.004 -19"><span class='ocrx_word' id='word_1_50' title='bbox 200 615 502 664; x_wconf 89' lang='lat' dir='ltr'>admodum</span> <span class='ocrx_word' id='word_1_51' title='bbox 542 621 725 665; x_wconf 92' lang='lat' dir='ltr'>autem</span> <span class='ocrx_word' id='word_1_52' title='bbox 768 616 1029 672; x_wconf 90' lang='lat' dir='ltr'>omnium,</span> <span class='ocrx_word' id='word_1_53' title='bbox 1072 630 1212 679; x_wconf 92' lang='lat' dir='ltr'>quae</span> <span class='ocrx_word' id='word_1_54' title='bbox 1253 616 1399 668; x_wconf 84' lang='lat' dir='ltr'>facta</span> <span class='ocrx_word' id='word_1_55' title='bbox 1441 623 1581 675; x_wconf 89' lang='lat' dir='ltr'>sunt,</span> <span class='ocrx_word' id='word_1_56' title='bbox 1619 618 1727 668; x_wconf 89' lang='lat' dir='ltr'>alia</span> <span class='ocrx_word' id='word_1_57' title='bbox 1764 620 1878 682; x_wconf 92' lang='lat' dir='ltr'>qui-</span> 
     </span>
     <span class='ocr_line' id='line_1_13' title="bbox 202 688 1880 755; baseline 0.004 -18"><span class='ocrx_word' id='word_1_58' title='bbox 202 688 326 738; x_wconf 93' lang='lat' dir='ltr'>dem</span> <span class='ocrx_word' id='word_1_59' title='bbox 348 694 573 751; x_wconf 91' lang='lat' dir='ltr'>propter</span> <span class='ocrx_word' id='word_1_60' title='bbox 601 702 658 739; x_wconf 94' lang='lat' dir='ltr'>se</span> <span class='ocrx_word' id='word_1_61' title='bbox 684 688 832 740; x_wconf 82' lang='lat' dir='ltr'>facta</span> <span class='ocrx_word' id='word_1_62' title='bbox 857 695 999 747; x_wconf 91' lang='lat' dir='ltr'>sunt,</span> <span class='ocrx_word' id='word_1_63' title='bbox 1025 689 1135 739; x_wconf 93' lang='lat' dir='ltr'>alia</span> <span class='ocrx_word' id='word_1_64' title='bbox 1157 703 1290 740; x_wconf 90' lang='lat' dir='ltr'>vero</span> <span class='ocrx_word' id='word_1_65' title='bbox 1313 696 1539 753; x_wconf 89' lang='lat' dir='ltr'>propter</span> <span class='ocrx_word' id='word_1_66' title='bbox 1560 704 1618 742; x_wconf 91' lang='lat' dir='ltr'>se</span> <span class='ocrx_word' id='word_1_67' title='bbox 1643 697 1697 742; x_wconf 92' lang='lat' dir='ltr'>et</span> <span class='ocrx_word' id='word_1_68' title='bbox 1716 705 1880 755; x_wconf 89' lang='lat' dir='ltr'>prop-</span> 
     </span>
     <span class='ocr_line' id='line_1_14' title="bbox 201 763 1880 826; baseline 0.002 -13"><span class='ocrx_word' id='word_1_69' title='bbox 201 769 286 813; x_wconf 88' lang='lat' dir='ltr'>ter</span> <span class='ocrx_word' id='word_1_70' title='bbox 317 763 439 820; x_wconf 89' lang='lat' dir='ltr'>alia,</span> <span class='ocrx_word' id='word_1_71' title='bbox 477 769 530 814; x_wconf 93' lang='lat' dir='ltr'>et</span> <span class='ocrx_word' id='word_1_72' title='bbox 568 763 676 813; x_wconf 90' lang='lat' dir='ltr'>alia</span> <span class='ocrx_word' id='word_1_73' title='bbox 715 763 894 814; x_wconf 93' lang='lat' dir='ltr'>solum</span> <span class='ocrx_word' id='word_1_74' title='bbox 934 770 1158 826; x_wconf 89' lang='lat' dir='ltr'>propter</span> <span class='ocrx_word' id='word_1_75' title='bbox 1192 765 1315 822; x_wconf 87' lang='lat' dir='ltr'>alia,</span> <span class='ocrx_word' id='word_1_76' title='bbox 1349 772 1401 816; x_wconf 93' lang='lat' dir='ltr'>et</span> <span class='ocrx_word' id='word_1_77' title='bbox 1438 766 1547 816; x_wconf 91' lang='lat' dir='ltr'>alia</span> <span class='ocrx_word' id='word_1_78' title='bbox 1579 767 1880 817; x_wconf 89' lang='lat' dir='ltr'>secundum</span> 
     </span>
     <span class='ocr_line' id='line_1_15' title="bbox 202 837 1884 895; baseline 0.002 -9"><span class='ocrx_word' id='word_1_79' title='bbox 202 837 457 888; x_wconf 91' lang='lat' dir='ltr'>accidens</span> <span class='ocrx_word' id='word_1_80' title='bbox 492 837 710 895; x_wconf 90' lang='lat' dir='ltr'>adsunt,</span> <span class='ocrx_word' id='word_1_81' title='bbox 750 838 828 888; x_wconf 93' lang='lat' dir='ltr'>sic</span> <span class='ocrx_word' id='word_1_82' title='bbox 863 838 1028 889; x_wconf 89' lang='lat' dir='ltr'>etiam</span> <span class='ocrx_word' id='word_1_83' title='bbox 1066 838 1120 888; x_wconf 92' lang='lat' dir='ltr'>in</span> <span class='ocrx_word' id='word_1_84' title='bbox 1158 839 1417 890; x_wconf 92' lang='lat' dir='ltr'>membris</span> <span class='ocrx_word' id='word_1_85' title='bbox 1455 839 1708 890; x_wconf 92' lang='lat' dir='ltr'>animalis</span> <span class='ocrx_word' id='word_1_86' title='bbox 1742 839 1884 890; x_wconf 91' lang='lat' dir='ltr'>hanc</span> 
     </span>
     <span class='ocr_line' id='line_1_16' title="bbox 201 911 1955 975; baseline 0.002 -14"><span class='ocrx_word' id='word_1_87' title='bbox 201 911 435 962; x_wconf 91' lang='lat' dir='ltr'>eandem</span> <span class='ocrx_word' id='word_1_88' title='bbox 456 911 703 962; x_wconf 91' lang='lat' dir='ltr'>invenies</span> <span class='ocrx_word' id='word_1_89' title='bbox 731 913 1194 975; x_wconf 87' lang='lat' dir='ltr'>consequentiam.</span> <span class='ocrx_word' id='word_1_90' title='bbox 1231 912 1431 963; x_wconf 91' lang='lat' dir='ltr'>Omnia</span> <span class='ocrx_word' id='word_1_91' title='bbox 1457 913 1657 964; x_wconf 88' lang='lat' dir='ltr'>etenim</span> <span class='ocrx_word' id='word_1_92' title='bbox 1683 914 1883 965; x_wconf 93' lang='lat' dir='ltr'>instru-</span> <span class='ocrx_word' id='word_1_93' title='bbox 1911 930 1955 965; x_wconf 87' lang='lat'>10</span> 
     </span>
     <span class='ocr_line' id='line_1_17' title="bbox 200 986 1882 1051; baseline 0.002 -16"><span class='ocrx_word' id='word_1_94' title='bbox 200 991 386 1036; x_wconf 92' lang='lat' dir='ltr'>menta</span> <span class='ocrx_word' id='word_1_95' title='bbox 414 986 577 1037; x_wconf 93' lang='lat' dir='ltr'>trium</span> <span class='ocrx_word' id='word_1_96' title='bbox 613 986 941 1049; x_wconf 92' lang='lat' dir='ltr'>principium</span> <span class='ocrx_word' id='word_1_97' title='bbox 975 986 1386 1050; x_wconf 87' lang='lat' dir='ltr'>disponentium</span> <span class='ocrx_word' id='word_1_98' title='bbox 1420 987 1623 1038; x_wconf 91' lang='lat' dir='ltr'>animal</span> <span class='ocrx_word' id='word_1_99' title='bbox 1658 994 1882 1051; x_wconf 89' lang='lat' dir='ltr'>propter</span> 
     </span>
     <span class='ocr_line' id='line_1_18' title="bbox 203 1059 1882 1125; baseline 0.002 -15"><span class='ocrx_word' id='word_1_100' title='bbox 203 1074 261 1110; x_wconf 92' lang='lat' dir='ltr'>se</span> <span class='ocrx_word' id='word_1_101' title='bbox 298 1061 420 1123; x_wconf 92' lang='lat' dir='ltr'>ipsa</span> <span class='ocrx_word' id='word_1_102' title='bbox 460 1059 608 1111; x_wconf 85' lang='lat' dir='ltr'>facta</span> <span class='ocrx_word' id='word_1_103' title='bbox 646 1066 788 1111; x_wconf 89' lang='lat' dir='ltr'>sunt.</span> <span class='ocrx_word' id='word_1_104' title='bbox 839 1060 989 1111; x_wconf 92' lang='lat' dir='ltr'>Haec</span> <span class='ocrx_word' id='word_1_105' title='bbox 1025 1075 1265 1125; x_wconf 91' lang='lat' dir='ltr'>namque</span> <span class='ocrx_word' id='word_1_106' title='bbox 1303 1061 1675 1124; x_wconf 87' lang='lat' dir='ltr'>principaliter</span> <span class='ocrx_word' id='word_1_107' title='bbox 1700 1068 1765 1113; x_wconf 92' lang='lat' dir='ltr'>·et</span> <span class='ocrx_word' id='word_1_108' title='bbox 1799 1076 1882 1113; x_wconf 90' lang='lat' dir='ltr'>se-</span> 
     </span>
     <span class='ocr_line' id='line_1_19' title="bbox 203 1134 1881 1199; baseline 0.002 -15"><span class='ocrx_word' id='word_1_109' title='bbox 203 1134 443 1184; x_wconf 90' lang='lat' dir='ltr'>cundum</span> <span class='ocrx_word' id='word_1_110' title='bbox 472 1135 705 1198; x_wconf 91' lang='lat' dir='ltr'>primam</span> <span class='ocrx_word' id='word_1_111' title='bbox 741 1135 1007 1185; x_wconf 91' lang='lat' dir='ltr'>rationem</span> <span class='ocrx_word' id='word_1_112' title='bbox 1041 1135 1338 1186; x_wconf 91' lang='lat' dir='ltr'>constituta</span> <span class='ocrx_word' id='word_1_113' title='bbox 1371 1141 1512 1194; x_wconf 90' lang='lat' dir='ltr'>sunt,</span> <span class='ocrx_word' id='word_1_114' title='bbox 1546 1149 1686 1199; x_wconf 91' lang='lat' dir='ltr'>quae</span> <span class='ocrx_word' id='word_1_115' title='bbox 1716 1136 1881 1187; x_wconf 90' lang='lat' dir='ltr'>etiam</span> 
     </span>
     <span class='ocr_line' id='line_1_20' title="bbox 204 1208 1882 1274; baseline 0.001 -15"><span class='ocrx_word' id='word_1_116' title='bbox 204 1208 506 1259; x_wconf 91' lang='lat' dir='ltr'>secundum</span> <span class='ocrx_word' id='word_1_117' title='bbox 549 1214 803 1260; x_wconf 90' lang='lat' dir='ltr'>naturam</span> <span class='ocrx_word' id='word_1_118' title='bbox 849 1222 970 1260; x_wconf 92' lang='lat' dir='ltr'>esse</span> <span class='ocrx_word' id='word_1_119' title='bbox 1014 1210 1235 1272; x_wconf 86' lang='lat' dir='ltr'>proprie</span> <span class='ocrx_word' id='word_1_120' title='bbox 1281 1210 1535 1261; x_wconf 91' lang='lat' dir='ltr'>dicuntur</span> <span class='ocrx_word' id='word_1_121' title='bbox 1576 1210 1727 1274; x_wconf 78' lang='lat' dir='ltr'>etin</span> <span class='ocrx_word' id='word_1_122' title='bbox 1767 1224 1882 1260; x_wconf 91' lang='lat' dir='ltr'>ma-</span> 
     </span>
     <span class='ocr_line' id='line_1_21' title="bbox 203 1283 1955 1346; baseline 0.002 -14"><span class='ocrx_word' id='word_1_123' title='bbox 203 1283 333 1333; x_wconf 89' lang='lat' dir='ltr'>trice</span> <span class='ocrx_word' id='word_1_124' title='bbox 357 1283 426 1333; x_wconf 90' lang='lat' dir='ltr'>ab</span> <span class='ocrx_word' id='word_1_125' title='bbox 455 1283 578 1346; x_wconf 92' lang='lat' dir='ltr'>ipso</span> <span class='ocrx_word' id='word_1_126' title='bbox 607 1284 814 1333; x_wconf 93' lang='lat' dir='ltr'>semine</span> <span class='ocrx_word' id='word_1_127' title='bbox 843 1283 1143 1334; x_wconf 90' lang='lat' dir='ltr'>adsumunt</span> <span class='ocrx_word' id='word_1_128' title='bbox 1171 1284 1454 1346; x_wconf 87' lang='lat' dir='ltr'>originem,</span> <span class='ocrx_word' id='word_1_129' title='bbox 1480 1289 1541 1335; x_wconf 94' lang='lat' dir='ltr'>ut</span> <span class='ocrx_word' id='word_1_130' title='bbox 1564 1298 1708 1335; x_wconf 89' lang='lat' dir='ltr'>ossa.</span> <span class='ocrx_word' id='word_1_131' title='bbox 1742 1283 1884 1336; x_wconf 93' lang='lat' dir='ltr'>Cho·</span> <span class='ocrx_word' id='word_1_132' title='bbox 1911 1301 1955 1336; x_wconf 88' lang='lat'>15</span> 
     </span>
     <span class='ocr_line' id='line_1_22' title="bbox 204 1357 1883 1422; baseline 0.002 -15"><span class='ocrx_word' id='word_1_133' title='bbox 204 1357 318 1408; x_wconf 91' lang='lat' dir='ltr'>lera</span> <span class='ocrx_word' id='word_1_134' title='bbox 358 1371 491 1408; x_wconf 88' lang='lat' dir='ltr'>vero</span> <span class='ocrx_word' id='word_1_135' title='bbox 537 1357 708 1408; x_wconf 93' lang='lat' dir='ltr'>rubea</span> <span class='ocrx_word' id='word_1_136' title='bbox 747 1363 833 1409; x_wconf 93' lang='lat' dir='ltr'>est</span> <span class='ocrx_word' id='word_1_137' title='bbox 874 1363 930 1409; x_wconf 91' lang='lat' dir='ltr'>et</span> <span class='ocrx_word' id='word_1_138' title='bbox 974 1364 1199 1421; x_wconf 91' lang='lat' dir='ltr'>propter</span> <span class='ocrx_word' id='word_1_139' title='bbox 1243 1372 1301 1409; x_wconf 93' lang='lat' dir='ltr'>se</span> <span class='ocrx_word' id='word_1_140' title='bbox 1342 1359 1521 1421; x_wconf 89' lang='lat' dir='ltr'>ipsam</span> <span class='ocrx_word' id='word_1_141' title='bbox 1558 1364 1615 1410; x_wconf 93' lang='lat' dir='ltr'>et</span> <span class='ocrx_word' id='word_1_142' title='bbox 1658 1363 1883 1422; x_wconf 89' lang='lat' dir='ltr'>propter</span> 
     </span>
     <span class='ocr_line' id='line_1_23' title="bbox 204 1431 1885 1496; baseline 0.001 -14"><span class='ocrx_word' id='word_1_143' title='bbox 204 1431 371 1482; x_wconf 91' lang='lat' dir='ltr'>aliud.</span> <span class='ocrx_word' id='word_1_144' title='bbox 415 1431 627 1483; x_wconf 93' lang='lat' dir='ltr'>Etenim</span> <span class='ocrx_word' id='word_1_145' title='bbox 664 1432 736 1482; x_wconf 93' lang='lat' dir='ltr'>ad</span> <span class='ocrx_word' id='word_1_146' title='bbox 773 1432 1139 1496; x_wconf 85' lang='lat' dir='ltr'>digestionem</span> <span class='ocrx_word' id='word_1_147' title='bbox 1177 1432 1308 1483; x_wconf 82' lang='lat' dir='ltr'>facit</span> <span class='ocrx_word' id='word_1_148' title='bbox 1342 1438 1397 1483; x_wconf 95' lang='lat' dir='ltr'>et</span> <span class='ocrx_word' id='word_1_149' title='bbox 1429 1438 1616 1484; x_wconf 92' lang='lat' dir='ltr'>movet</span> <span class='ocrx_word' id='word_1_150' title='bbox 1648 1433 1885 1496; x_wconf 91' lang='lat' dir='ltr'>egestio-</span> 
     </span>
     <span class='ocr_line' id='line_1_24' title="bbox 203 1506 1883 1570; baseline 0.001 -14"><span class='ocrx_word' id='word_1_151' title='bbox 203 1521 328 1557; x_wconf 90' lang='lat' dir='ltr'>nem</span> <span class='ocrx_word' id='word_1_152' title='bbox 372 1512 426 1557; x_wconf 88' lang='lat' dir='ltr'>et</span> <span class='ocrx_word' id='word_1_153' title='bbox 473 1506 775 1558; x_wconf 92' lang='lat' dir='ltr'>secundum</span> <span class='ocrx_word' id='word_1_154' title='bbox 819 1506 956 1558; x_wconf 93' lang='lat' dir='ltr'>haec</span> <span class='ocrx_word' id='word_1_155' title='bbox 1000 1507 1415 1570; x_wconf 91' lang='lat' dir='ltr'>quodammodo</span> <span class='ocrx_word' id='word_1_156' title='bbox 1473 1512 1558 1558; x_wconf 91' lang='lat' dir='ltr'>est</span> <span class='ocrx_word' id='word_1_157' title='bbox 1601 1521 1771 1558; x_wconf 91' lang='lat' dir='ltr'>unum</span> <span class='ocrx_word' id='word_1_158' title='bbox 1814 1507 1883 1558; x_wconf 91' lang='lat' dir='ltr'>de</span> 
     </span>
     <span class='ocr_line' id='line_1_25' title="bbox 203 1580 1980 1645; baseline 0.001 -15"><span class='ocrx_word' id='word_1_159' title='bbox 203 1581 481 1632; x_wconf 90' lang='lat' dir='ltr'>nutritivis</span> <span class='ocrx_word' id='word_1_160' title='bbox 522 1580 781 1631; x_wconf 92' lang='lat' dir='ltr'>membris</span> <span class='ocrx_word' id='word_1_161' title='bbox 825 1586 878 1632; x_wconf 91' lang='lat' dir='ltr'>et</span> <span class='ocrx_word' id='word_1_162' title='bbox 917 1595 1028 1631; x_wconf 93' lang='lat' dir='ltr'>non</span> <span class='ocrx_word' id='word_1_163' title='bbox 1072 1580 1251 1631; x_wconf 93' lang='lat' dir='ltr'>solum</span> <span class='ocrx_word' id='word_1_164' title='bbox 1293 1581 1412 1639; x_wconf 88' lang='lat' dir='ltr'>hoe,</span> <span class='ocrx_word' id='word_1_165' title='bbox 1455 1581 1553 1632; x_wconf 91' lang='lat' dir='ltr'>sed</span> <span class='ocrx_word' id='word_1_166' title='bbox 1591 1581 1758 1632; x_wconf 92' lang='lat' dir='ltr'>etiam</span> <span class='ocrx_word' id='word_1_167' title='bbox 1796 1595 1883 1632; x_wconf 91' lang='lat' dir='ltr'>ca·</span> <span class='ocrx_word' id='word_1_168' title='bbox 1977 1644 1980 1645; x_wconf 15' lang='lat'><em>⁷</em></span> 
     </span>
     <span class='ocr_line' id='line_1_26' title="bbox 204 1655 1955 1718; baseline 0.001 -13"><span class='ocrx_word' id='word_1_169' title='bbox 204 1655 377 1706; x_wconf 91' lang='lat' dir='ltr'>lorem</span> <span class='ocrx_word' id='word_1_170' title='bbox 415 1655 691 1718; x_wconf 91' lang='lat' dir='ltr'>quendam</span> <span class='ocrx_word' id='word_1_171' title='bbox 731 1660 976 1718; x_wconf 91' lang='lat' dir='ltr'>praestat</span> <span class='ocrx_word' id='word_1_172' title='bbox 1014 1655 1230 1717; x_wconf 90' lang='lat' dir='ltr'>corpori</span> <span class='ocrx_word' id='word_1_173' title='bbox 1270 1655 1738 1718; x_wconf 88' lang='lat' dir='ltr'>quemadmodum</span> <span class='ocrx_word' id='word_1_174' title='bbox 1775 1656 1884 1706; x_wconf 89' lang='lat' dir='ltr'>vir-</span> <span class='ocrx_word' id='word_1_175' title='bbox 1909 1670 1955 1707; x_wconf 80' lang='lat'>20</span> 
     </span>
     <span class='ocr_line' id='line_1_27' title="bbox 205 1729 1884 1792; baseline 0 -12"><span class='ocrx_word' id='word_1_176' title='bbox 205 1735 294 1780; x_wconf 93' lang='lat' dir='ltr'>tus</span> <span class='ocrx_word' id='word_1_177' title='bbox 316 1730 517 1781; x_wconf 93' lang='lat' dir='ltr'>vitalis.</span> <span class='ocrx_word' id='word_1_178' title='bbox 559 1729 769 1780; x_wconf 93' lang='lat' dir='ltr'>Horum</span> <span class='ocrx_word' id='word_1_179' title='bbox 798 1729 965 1792; x_wconf 91' lang='lat' dir='ltr'>igitur</span> <span class='ocrx_word' id='word_1_180' title='bbox 995 1743 1162 1780; x_wconf 91' lang='lat' dir='ltr'>causa</span> <span class='ocrx_word' id='word_1_181' title='bbox 1191 1734 1416 1792; x_wconf 91' lang='lat' dir='ltr'>propter</span> <span class='ocrx_word' id='word_1_182' title='bbox 1445 1743 1504 1780; x_wconf 95' lang='lat' dir='ltr'>se</span> <span class='ocrx_word' id='word_1_183' title='bbox 1528 1730 1707 1792; x_wconf 90' lang='lat' dir='ltr'>ipsam</span> <span class='ocrx_word' id='word_1_184' title='bbox 1731 1729 1884 1780; x_wconf 91' lang='lat' dir='ltr'>vide-</span> 
     </span>
     <span class='ocr_line' id='line_1_28' title="bbox 203 1803 1884 1867; baseline 0.001 -13"><span class='ocrx_word' id='word_1_185' title='bbox 203 1809 292 1854; x_wconf 92' lang='lat' dir='ltr'>tur</span> <span class='ocrx_word' id='word_1_186' title='bbox 331 1817 455 1855; x_wconf 93' lang='lat' dir='ltr'>esse</span> <span class='ocrx_word' id='word_1_187' title='bbox 495 1803 657 1862; x_wconf 82' lang='lat' dir='ltr'>facta,</span> <span class='ocrx_word' id='word_1_188' title='bbox 699 1804 797 1854; x_wconf 91' lang='lat' dir='ltr'>sed</span> <span class='ocrx_word' id='word_1_189' title='bbox 840 1804 968 1867; x_wconf 91' lang='lat' dir='ltr'>quia</span> <span class='ocrx_word' id='word_1_190' title='bbox 1007 1803 1239 1854; x_wconf 90' lang='lat' dir='ltr'>mundat</span> <span class='ocrx_word' id='word_1_191' title='bbox 1280 1804 1620 1867; x_wconf 90' lang='lat' dir='ltr'>sanguinem,</span> <span class='ocrx_word' id='word_1_192' title='bbox 1659 1809 1884 1867; x_wconf 91' lang='lat' dir='ltr'>propter</span> 
     </span>
     <span class='ocr_line' id='line_1_29' title="bbox 207 1877 1883 1942; baseline -0.001 -13"><span class='ocrx_word' id='word_1_193' title='bbox 207 1878 532 1942; x_wconf 90' lang='lat' dir='ltr'>sanguinem</span> <span class='ocrx_word' id='word_1_194' title='bbox 556 1892 777 1941; x_wconf 93' lang='lat' dir='ltr'>quoque</span> <span class='ocrx_word' id='word_1_195' title='bbox 800 1877 1020 1928; x_wconf 91' lang='lat' dir='ltr'>videtur</span> <span class='ocrx_word' id='word_1_196' title='bbox 1043 1891 1166 1928; x_wconf 92' lang='lat' dir='ltr'>esse</span> <span class='ocrx_word' id='word_1_197' title='bbox 1194 1878 1356 1929; x_wconf 82' lang='lat' dir='ltr'>facta.</span> <span class='ocrx_word' id='word_1_198' title='bbox 1394 1877 1561 1941; x_wconf 91' lang='lat' dir='ltr'>Splen</span> <span class='ocrx_word' id='word_1_199' title='bbox 1587 1878 1751 1929; x_wconf 92' lang='lat' dir='ltr'>etiam</span> <span class='ocrx_word' id='word_1_200' title='bbox 1773 1891 1883 1929; x_wconf 90' lang='lat' dir='ltr'>non</span> 
     </span>
     <span class='ocr_line' id='line_1_30' title="bbox 207 1951 1884 2016; baseline 0.001 -14"><span class='ocrx_word' id='word_1_201' title='bbox 207 1967 401 2016; x_wconf 90' lang='lat' dir='ltr'>parum</span> <span class='ocrx_word' id='word_1_202' title='bbox 425 1952 495 2002; x_wconf 93' lang='lat' dir='ltr'>ad</span> <span class='ocrx_word' id='word_1_203' title='bbox 525 1952 891 2015; x_wconf 86' lang='lat' dir='ltr'>digestionem</span> <span class='ocrx_word' id='word_1_204' title='bbox 919 1951 1163 2014; x_wconf 86' lang='lat' dir='ltr'>proficit;</span> <span class='ocrx_word' id='word_1_205' title='bbox 1191 1957 1446 2003; x_wconf 90' lang='lat' dir='ltr'>acetosus</span> <span class='ocrx_word' id='word_1_206' title='bbox 1472 1952 1618 2002; x_wconf 91' lang='lat' dir='ltr'>enim</span> <span class='ocrx_word' id='word_1_207' title='bbox 1643 1952 1884 2003; x_wconf 86' lang='lat' dir='ltr'>existens</span> 
     </span>
     <span class='ocr_line' id='line_1_31' title="bbox 206 2025 1959 2091; baseline -0.001 -13"><span class='ocrx_word' id='word_1_208' title='bbox 206 2033 259 2078; x_wconf 93' lang='lat' dir='ltr'>et</span> <span class='ocrx_word' id='word_1_209' title='bbox 303 2028 572 2091; x_wconf 88' lang='lat' dir='ltr'>stypticus</span> <span class='ocrx_word' id='word_1_210' title='bbox 630 2032 828 2077; x_wconf 92' lang='lat' dir='ltr'>natura</span> <span class='ocrx_word' id='word_1_211' title='bbox 886 2032 939 2077; x_wconf 91' lang='lat' dir='ltr'>et</span> <span class='ocrx_word' id='word_1_212' title='bbox 997 2027 1336 2089; x_wconf 91' lang='lat' dir='ltr'>egestionem</span> <span class='ocrx_word' id='word_1_213' title='bbox 1382 2025 1883 2089; x_wconf 88' lang='lat' dir='ltr'>superabundantis</span> <span class='ocrx_word' id='word_1_214' title='bbox 1914 2041 1959 2076; x_wconf 87' lang='lat'>25</span> 
     </span>
     <span class='ocr_line' id='line_1_32' title="bbox 208 2100 1886 2164; baseline 0 -12"><span class='ocrx_word' id='word_1_215' title='bbox 208 2102 455 2152; x_wconf 92' lang='lat' dir='ltr'>humoris</span> <span class='ocrx_word' id='word_1_216' title='bbox 494 2102 637 2164; x_wconf 90' lang='lat' dir='ltr'>nigri</span> <span class='ocrx_word' id='word_1_217' title='bbox 681 2102 736 2151; x_wconf 94' lang='lat' dir='ltr'>in</span> <span class='ocrx_word' id='word_1_218' title='bbox 775 2106 1022 2151; x_wconf 91' lang='lat' dir='ltr'>ventrem</span> <span class='ocrx_word' id='word_1_219' title='bbox 1066 2100 1366 2151; x_wconf 84' lang='lat' dir='ltr'>effundens</span> <span class='ocrx_word' id='word_1_220' title='bbox 1409 2101 1626 2163; x_wconf 90' lang='lat' dir='ltr'>stringit</span> <span class='ocrx_word' id='word_1_221' title='bbox 1667 2114 1791 2151; x_wconf 92' lang='lat' dir='ltr'>eum</span> <span class='ocrx_word' id='word_1_222' title='bbox 1832 2106 1886 2152; x_wconf 92' lang='lat' dir='ltr'>et</span> 
     </span>
    </p>
   </div>
   <div class='ocr_carea' id='block_1_8' title="bbox 205 2221 1893 2984">
    <p class='ocr_par' dir='ltr' id='par_1_8' title="bbox 209 2221 1893 2330">
     <span class='ocr_line' id='line_1_33' title="bbox 284 2221 1832 2272; baseline 0 -9"><span class='ocrx_word' id='word_1_223' title='bbox 284 2223 309 2263; x_wconf 89' lang='lat'><strong>3</strong></span> <span class='ocrx_word' id='word_1_224' title='bbox 342 2223 467 2272; x_wconf 88' lang='lat' dir='ltr'>ipsas</span> <span class='ocrx_word' id='word_1_225' title='bbox 492 2223 759 2263; x_wconf 88' lang='lat' dir='ltr'>existentias</span> <span class='ocrx_word' id='word_1_226' title='bbox 784 2222 818 2263; x_wconf 87' lang='lat' dir='ltr'><strong><em>A</em></strong></span> <span class='ocrx_word' id='word_1_227' title='bbox 897 2222 924 2261; x_wconf 83' lang='lat'><strong>4</strong></span> <span class='ocrx_word' id='word_1_228' title='bbox 957 2223 1141 2272; x_wconf 90' lang='lat' dir='ltr'>quidem</span> <span class='ocrx_word' id='word_1_229' title='bbox 1167 2222 1201 2263; x_wconf 96' lang='lat' dir='ltr'><strong><em>A</em></strong></span> <span class='ocrx_word' id='word_1_230' title='bbox 1284 2222 1310 2262; x_wconf 92' lang='grc'>5</span> <span class='ocrx_word' id='word_1_231' title='bbox 1343 2225 1413 2262; x_wconf 92' lang='lat' dir='ltr'>est</span> <span class='ocrx_word' id='word_1_232' title='bbox 1436 2222 1482 2262; x_wconf 90' lang='lat' dir='ltr'>M</span> <span class='ocrx_word' id='word_1_233' title='bbox 1507 2222 1649 2263; x_wconf 90' lang='lat' dir='ltr'>om.B</span> <span class='ocrx_word' id='word_1_234' title='bbox 1679 2221 1738 2262; x_wconf 90' lang='lat' dir='ltr'>sit</span> <span class='ocrx_word' id='word_1_235' title='bbox 1759 2221 1832 2263; x_wconf 92' lang='lat' dir='ltr'>Ho</span> 
     </span>
     <span class='ocr_line' id='line_1_34' title="bbox 209 2279 1893 2330; baseline -0.002 -7"><span class='ocrx_word' id='word_1_236' title='bbox 209 2283 234 2323; x_wconf 82' lang='lat'><strong>6</strong></span> <span class='ocrx_word' id='word_1_237' title='bbox 268 2282 516 2323; x_wconf 85' lang='lat' dir='ltr'>admodum</span> <span class='ocrx_word' id='word_1_238' title='bbox 549 2293 638 2323; x_wconf 91' lang='lat' dir='ltr'>om.</span> <span class='ocrx_word' id='word_1_239' title='bbox 663 2282 701 2322; x_wconf 90' lang='grc' dir='ltr'><em>Β</em></span> <span class='ocrx_word' id='word_1_240' title='bbox 822 2281 848 2322; x_wconf 91' lang='grc'>8</span> <span class='ocrx_word' id='word_1_241' title='bbox 881 2279 1151 2330; x_wconf 91' lang='lat' dir='ltr'>secundum]</span> <span class='ocrx_word' id='word_1_242' title='bbox 1186 2282 1270 2322; x_wconf 91' lang='lat' dir='ltr'>sed</span> <span class='ocrx_word' id='word_1_243' title='bbox 1300 2281 1338 2322; x_wconf 88' lang='grc' dir='ltr'><em>Β</em></span> <span class='ocrx_word' id='word_1_244' title='bbox 1460 2280 1514 2321; x_wconf 92' lang='grc'>10</span> <span class='ocrx_word' id='word_1_245' title='bbox 1546 2281 1786 2322; x_wconf 87' lang='lat' dir='ltr'>inveniens</span> <span class='ocrx_word' id='word_1_246' title='bbox 1812 2279 1893 2321; x_wconf 88' lang='lat' dir='ltr'>CB</span> 
     </span>
    </p>

    <p class='ocr_par' dir='ltr' id='par_1_9' title="bbox 205 2334 1893 2688">
     <span class='ocr_line' id='line_1_35' title="bbox 268 2334 1833 2391; baseline -0.001 -9"><span class='ocrx_word' id='word_1_247' title='bbox 268 2343 380 2383; x_wconf 81' lang='lat' dir='ltr'>ante</span> <span class='ocrx_word' id='word_1_248' title='bbox 406 2340 574 2382; x_wconf 89' lang='lat' dir='ltr'>Omnia</span> <span class='ocrx_word' id='word_1_249' title='bbox 598 2343 642 2382; x_wconf 88' lang='lat' dir='ltr'>d.</span> <span class='ocrx_word' id='word_1_250' title='bbox 661 2343 690 2382; x_wconf 89' lang='grc' dir='ltr'>ἰ.</span> <span class='ocrx_word' id='word_1_251' title='bbox 708 2353 749 2382; x_wconf 91' lang='grc' dir='ltr'>υ.</span> <span class='ocrx_word' id='word_1_252' title='bbox 776 2334 991 2391; x_wconf 84' lang='grc' dir='ltr'>εἰρημένα</span> <span class='ocrx_word' id='word_1_253' title='bbox 1101 2340 1150 2380; x_wconf 94' lang='grc'>11</span> <span class='ocrx_word' id='word_1_254' title='bbox 1189 2340 1512 2390; x_wconf 87' lang='lat' dir='ltr'>principiorum</span> <span class='ocrx_word' id='word_1_255' title='bbox 1538 2340 1572 2380; x_wconf 88' lang='lat' dir='ltr'><strong><em>A</em></strong></span> <span class='ocrx_word' id='word_1_256' title='bbox 1644 2350 1726 2389; x_wconf 91' lang='lat' dir='ltr'>pro</span> <span class='ocrx_word' id='word_1_257' title='bbox 1752 2337 1833 2380; x_wconf 89' lang='lat' dir='ltr'>CB</span> 
     </span>
     <span class='ocr_line' id='line_1_36' title="bbox 211 2397 1891 2447; baseline -0.002 -6"><span class='ocrx_word' id='word_1_258' title='bbox 211 2400 383 2442; x_wconf 62' lang='grc'>12-*13</span> <span class='ocrx_word' id='word_1_259' title='bbox 416 2403 463 2441; x_wconf 86' lang='lat' dir='ltr'>et</span> <span class='ocrx_word' id='word_1_260' title='bbox 495 2399 593 2447; x_wconf 88' lang='grc'>145,</span> <span class='ocrx_word' id='word_1_261' title='bbox 614 2400 786 2441; x_wconf 86' lang='grc'>12-13</span> <span class='ocrx_word' id='word_1_262' title='bbox 827 2398 936 2441; x_wconf 74' lang='lat' dir='ltr'>secu</span> <span class='ocrx_word' id='word_1_263' title='bbox 980 2400 1054 2446; x_wconf 92' lang='lat'>18,</span> <span class='ocrx_word' id='word_1_264' title='bbox 1091 2399 1263 2446; x_wconf 86' lang='lat'>140,14</span> <span class='ocrx_word' id='word_1_265' title='bbox 1295 2401 1342 2441; x_wconf 82' lang='lat' dir='ltr'>et</span> <span class='ocrx_word' id='word_1_266' title='bbox 1374 2398 1449 2446; x_wconf 88' lang='lat'>15,</span> <span class='ocrx_word' id='word_1_267' title='bbox 1492 2398 1589 2446; x_wconf 89' lang='lat'>145,</span> <span class='ocrx_word' id='word_1_268' title='bbox 1608 2397 1781 2439; x_wconf 88' lang='lat'><strong>24—25</strong></span> <span class='ocrx_word' id='word_1_269' title='bbox 1813 2409 1891 2438; x_wconf 91' lang='lat' dir='ltr'>sec</span> 
     </span>
     <span class='ocr_line' id='line_1_37' title="bbox 205 2457 1892 2511; baseline -0.002 -10"><span class='ocrx_word' id='word_1_270' title='bbox 205 2473 294 2511; x_wconf 81' lang='lat' dir='ltr'>pro</span> <span class='ocrx_word' id='word_1_271' title='bbox 327 2461 580 2501; x_wconf 90' lang='lat' dir='ltr'>secundum</span> <span class='ocrx_word' id='word_1_272' title='bbox 609 2459 646 2501; x_wconf 89' lang='lat' dir='ltr'><strong><em>C</em></strong></span> <span class='ocrx_word' id='word_1_273' title='bbox 744 2459 797 2500; x_wconf 88' lang='grc'>14</span> <span class='ocrx_word' id='word_1_274' title='bbox 830 2470 934 2500; x_wconf 90' lang='lat' dir='ltr'>esse</span> <span class='ocrx_word' id='word_1_275' title='bbox 968 2460 1148 2509; x_wconf 88' lang='lat' dir='ltr'>proprie</span> <span class='ocrx_word' id='word_1_276' title='bbox 1182 2462 1362 2510; x_wconf 81' lang='lat' dir='ltr'>transp.</span> <span class='ocrx_word' id='word_1_277' title='bbox 1387 2458 1422 2499; x_wconf 95' lang='lat' dir='ltr'><strong><em>A</em></strong></span> <span class='ocrx_word' id='word_1_278' title='bbox 1521 2457 1574 2498; x_wconf 92' lang='grc'>15</span> <span class='ocrx_word' id='word_1_279' title='bbox 1607 2468 1715 2498; x_wconf 91' lang='lat' dir='ltr'>ossa</span> <span class='ocrx_word' id='word_1_280' title='bbox 1745 2469 1892 2508; x_wconf 81' lang='lat' dir='ltr'>supra</span> 
     </span>
     <span class='ocr_line' id='line_1_38' title="bbox 210 2513 1835 2570; baseline -0.002 -10"><span class='ocrx_word' id='word_1_281' title='bbox 210 2520 385 2570; x_wconf 89' lang='lat' dir='ltr'>origine</span> <span class='ocrx_word' id='word_1_282' title='bbox 418 2520 618 2560; x_wconf 80' lang='lat' dir='ltr'>deletam</span> <span class='ocrx_word' id='word_1_283' title='bbox 651 2531 738 2560; x_wconf 84' lang='lat' dir='ltr'>scr.</span> <span class='ocrx_word' id='word_1_284' title='bbox 766 2513 827 2560; x_wconf 80' lang='grc' dir='ltr'>Α2</span> <span class='ocrx_word' id='word_1_285' title='bbox 971 2517 1025 2559; x_wconf 88' lang='grc'>16</span> <span class='ocrx_word' id='word_1_286' title='bbox 1057 2521 1128 2560; x_wconf 91' lang='lat' dir='ltr'>est</span> <span class='ocrx_word' id='word_1_287' title='bbox 1155 2521 1269 2569; x_wconf 82' lang='lat' dir='ltr'>post</span> <span class='ocrx_word' id='word_1_288' title='bbox 1297 2528 1405 2559; x_wconf 90' lang='lat' dir='ltr'>vero</span> <span class='ocrx_word' id='word_1_289' title='bbox 1434 2529 1545 2568; x_wconf 73' lang='lat' dir='ltr'>pon,</span> <span class='ocrx_word' id='word_1_290' title='bbox 1569 2515 1656 2557; x_wconf 90' lang='lat' dir='ltr'>AC</span> <span class='ocrx_word' id='word_1_291' title='bbox 1684 2528 1773 2558; x_wconf 88' lang='lat' dir='ltr'>om.</span> <span class='ocrx_word' id='word_1_292' title='bbox 1796 2517 1835 2557; x_wconf 89' lang='grc' dir='ltr'><strong><em>Β</em></strong></span> 
     </span>
     <span class='ocr_line' id='line_1_39' title="bbox 212 2572 1890 2630; baseline -0.002 -11"><span class='ocrx_word' id='word_1_293' title='bbox 212 2579 265 2619; x_wconf 90' lang='grc'>19</span> <span class='ocrx_word' id='word_1_294' title='bbox 297 2579 519 2619; x_wconf 87' lang='lat' dir='ltr'>nutritivis</span> <span class='ocrx_word' id='word_1_295' title='bbox 543 2572 649 2619; x_wconf 82' lang='lat' dir='ltr'>AP²</span> <span class='ocrx_word' id='word_1_296' title='bbox 679 2578 867 2618; x_wconf 90' lang='lat' dir='ltr'>nutrivis</span> <span class='ocrx_word' id='word_1_297' title='bbox 891 2572 950 2618; x_wconf 89' lang='grc' dir='ltr'>Ρ1</span> <span class='ocrx_word' id='word_1_298' title='bbox 982 2578 1183 2619; x_wconf 84' lang='lat' dir='ltr'>nutriciis</span> <span class='ocrx_word' id='word_1_299' title='bbox 1210 2576 1290 2619; x_wconf 88' lang='lat' dir='ltr'>CB</span> <span class='ocrx_word' id='word_1_300' title='bbox 1349 2577 1438 2630; x_wconf 79' lang='lat' dir='ltr'>hoc</span> <span class='ocrx_word' id='word_1_301' title='bbox 1462 2576 1605 2618; x_wconf 89' lang='lat' dir='ltr'>om.B</span> <span class='ocrx_word' id='word_1_302' title='bbox 1706 2575 1762 2616; x_wconf 89' lang='lat'>20</span> <span class='ocrx_word' id='word_1_303' title='bbox 1794 2585 1890 2616; x_wconf 88' lang='lat' dir='ltr'>cor-</span> 
     </span>
     <span class='ocr_line' id='line_1_40' title="bbox 211 2633 1893 2688; baseline -0.001 -10"><span class='ocrx_word' id='word_1_304' title='bbox 211 2635 325 2687; x_wconf 90' lang='lat' dir='ltr'>pori]</span> <span class='ocrx_word' id='word_1_305' title='bbox 360 2638 482 2688; x_wconf 88' lang='lat' dir='ltr'>epati</span> <span class='ocrx_word' id='word_1_306' title='bbox 515 2638 549 2678; x_wconf 96' lang='lat' dir='ltr'><strong><em>A</em></strong></span> <span class='ocrx_word' id='word_1_307' title='bbox 674 2637 729 2677; x_wconf 90' lang='grc'>22</span> <span class='ocrx_word' id='word_1_308' title='bbox 762 2638 926 2678; x_wconf 81' lang='lat' dir='ltr'>factam</span> <span class='ocrx_word' id='word_1_309' title='bbox 961 2636 999 2679; x_wconf 90' lang='lat' dir='ltr'><strong><em>C</em></strong></span> <span class='ocrx_word' id='word_1_310' title='bbox 1131 2636 1305 2677; x_wconf 86' lang='lat'><strong>22—23</strong></span> <span class='ocrx_word' id='word_1_311' title='bbox 1337 2636 1420 2677; x_wconf 89' lang='lat' dir='ltr'>sed</span> <span class='ocrx_word' id='word_1_312' title='bbox 1453 2656 1505 2662; x_wconf 90' lang='lat'>—</span> <span class='ocrx_word' id='word_1_313' title='bbox 1539 2635 1659 2676; x_wconf 81' lang='lat' dir='ltr'>iacta</span> <span class='ocrx_word' id='word_1_314' title='bbox 1690 2647 1778 2676; x_wconf 92' lang='lat' dir='ltr'>om.</span> <span class='ocrx_word' id='word_1_315' title='bbox 1812 2633 1893 2676; x_wconf 86' lang='lat' dir='ltr'>CB</span> 
     </span>
    </p>

    <p class='ocr_par' dir='ltr' id='par_1_10' title="bbox 207 2694 1891 2984">
     <span class='ocr_line' id='line_1_41' title="bbox 270 2694 1890 2746; baseline -0.001 -10"><span class='ocrx_word' id='word_1_316' title='bbox 270 2697 324 2737; x_wconf 88' lang='grc'>23</span> <span class='ocrx_word' id='word_1_317' title='bbox 358 2697 499 2746; x_wconf 90' lang='lat' dir='ltr'>Splen</span> <span class='ocrx_word' id='word_1_318' title='bbox 531 2697 668 2738; x_wconf 89' lang='lat' dir='ltr'>etiam</span> <span class='ocrx_word' id='word_1_319' title='bbox 700 2696 785 2739; x_wconf 85' lang='lat' dir='ltr'>PC</span> <span class='ocrx_word' id='word_1_320' title='bbox 816 2696 958 2746; x_wconf 91' lang='lat' dir='ltr'>Splen</span> <span class='ocrx_word' id='word_1_321' title='bbox 989 2700 1035 2737; x_wconf 91' lang='lat' dir='ltr'>et</span> <span class='ocrx_word' id='word_1_322' title='bbox 1065 2697 1186 2737; x_wconf 91' lang='lat' dir='ltr'>enim</span> <span class='ocrx_word' id='word_1_323' title='bbox 1212 2696 1246 2737; x_wconf 94' lang='lat' dir='ltr'><strong><em>A</em></strong></span> <span class='ocrx_word' id='word_1_324' title='bbox 1281 2695 1422 2745; x_wconf 85' lang='lat' dir='ltr'>Splen</span> <span class='ocrx_word' id='word_1_325' title='bbox 1453 2695 1575 2735; x_wconf 90' lang='lat' dir='ltr'>enim</span> <span class='ocrx_word' id='word_1_326' title='bbox 1600 2694 1662 2743; x_wconf 90' lang='lat' dir='ltr'>B,·</span> <span class='ocrx_word' id='word_1_327' title='bbox 1694 2696 1890 2745; x_wconf 82' lang='lat' dir='ltr'>exspect.</span> 
     </span>
     <span class='ocr_line' id='line_1_42' title="bbox 211 2749 1890 2807; baseline -0.002 -10"><span class='ocrx_word' id='word_1_328' title='bbox 211 2757 303 2797; x_wconf 90' lang='lat' dir='ltr'>Sed</span> <span class='ocrx_word' id='word_1_329' title='bbox 333 2749 466 2806; x_wconf 86' lang='lat' dir='ltr'>sple‘n</span> <span class='ocrx_word' id='word_1_330' title='bbox 499 2756 650 2803; x_wconf 85' lang='lat' dir='ltr'>etiam,</span> <span class='ocrx_word' id='word_1_331' title='bbox 686 2757 742 2807; x_wconf 81' lang='lat' dir='ltr'>cf.</span> <span class='ocrx_word' id='word_1_332' title='bbox 777 2756 869 2797; x_wconf 90' lang='lat' dir='ltr'>Sed</span> <span class='ocrx_word' id='word_1_333' title='bbox 900 2759 946 2797; x_wconf 91' lang='lat' dir='ltr'>et</span> <span class='ocrx_word' id='word_1_334' title='bbox 976 2756 1109 2805; x_wconf 88' lang='lat' dir='ltr'>splen</span> <span class='ocrx_word' id='word_1_335' title='bbox 1140 2756 1208 2806; x_wconf 75' lang='lat' dir='ltr'>By</span> <span class='ocrx_word' id='word_1_336' title='bbox 1358 2754 1414 2794; x_wconf 94' lang='grc'>24</span> <span class='ocrx_word' id='word_1_337' title='bbox 1447 2754 1560 2803; x_wconf 81' lang='lat' dir='ltr'>prot.</span> <span class='ocrx_word' id='word_1_338' title='bbox 1590 2755 1705 2804; x_wconf 83' lang='lat' dir='ltr'>post</span> <span class='ocrx_word' id='word_1_339' title='bbox 1734 2764 1890 2802; x_wconf 87' lang='lat' dir='ltr'>parum</span> 
     </span>
     <span class='ocr_line' id='line_1_43' title="bbox 207 2812 1891 2866; baseline -0.002 -10"><span class='ocrx_word' id='word_1_340' title='bbox 207 2827 319 2866; x_wconf 86' lang='lat' dir='ltr'>pon.</span> <span class='ocrx_word' id='word_1_341' title='bbox 350 2816 388 2856; x_wconf 96' lang='grc' dir='ltr'><strong><em>Β</em></strong></span> <span class='ocrx_word' id='word_1_342' title='bbox 470 2818 704 2857; x_wconf 86' lang='lat' dir='ltr'>acetosum</span> <span class='ocrx_word' id='word_1_343' title='bbox 737 2816 778 2855; x_wconf 95' lang='lat' dir='ltr'>D</span> <span class='ocrx_word' id='word_1_344' title='bbox 900 2815 954 2855; x_wconf 90' lang='grc'><strong>25</strong></span> <span class='ocrx_word' id='word_1_345' title='bbox 986 2815 1215 2864; x_wconf 87' lang='lat' dir='ltr'>stipticum</span> <span class='ocrx_word' id='word_1_346' title='bbox 1249 2844 1259 2855; x_wconf 90' lang='lat'><strong>.</strong></span> <span class='ocrx_word' id='word_1_347' title='bbox 1286 2845 1296 2855; x_wconf 91' lang='lat'><em>.</em></span> <span class='ocrx_word' id='word_1_348' title='bbox 1328 2814 1593 2864; x_wconf 87' lang='lat' dir='ltr'>egestiones</span> <span class='ocrx_word' id='word_1_349' title='bbox 1623 2812 1658 2854; x_wconf 91' lang='lat' dir='ltr'><strong><em>A</em></strong></span> <span class='ocrx_word' id='word_1_350' title='bbox 1735 2823 1891 2862; x_wconf 86' lang='lat' dir='ltr'>super-</span> 
     </span>
     <span class='ocr_line' id='line_1_44' title="bbox 212 2871 1806 2925; baseline -0.002 -10"><span class='ocrx_word' id='word_1_351' title='bbox 212 2875 524 2915; x_wconf 85' lang='lat' dir='ltr'>habundantis</span> <span class='ocrx_word' id='word_1_352' title='bbox 555 2873 641 2917; x_wconf 85' lang='lat' dir='ltr'>PC</span> <span class='ocrx_word' id='word_1_353' title='bbox 670 2877 716 2916; x_wconf 89' lang='lat' dir='ltr'>et</span> <span class='ocrx_word' id='word_1_354' title='bbox 746 2874 1225 2925; x_wconf 71' lang='lat' dir='ltr'>superhabundantius</span> <span class='ocrx_word' id='word_1_355' title='bbox 1255 2873 1291 2915; x_wconf 95' lang='lat' dir='ltr'><strong><em>A</em></strong></span> <span class='ocrx_word' id='word_1_356' title='bbox 1323 2871 1736 2923; x_wconf 82' lang='lat' dir='ltr'>superhabundans</span> <span class='ocrx_word' id='word_1_357' title='bbox 1767 2871 1806 2912; x_wconf 86' lang='lat' dir='ltr'><em>B</em></span> 
     </span>
     <span class='ocr_line' id='line_1_45' title="bbox 214 2930 1322 2984; baseline 0.001 -11"><span class='ocrx_word' id='word_1_358' title='bbox 214 2932 271 2973; x_wconf 83' lang='lat'>26</span> <span class='ocrx_word' id='word_1_359' title='bbox 302 2933 426 2974; x_wconf 87' lang='lat' dir='ltr'>hum.</span> <span class='ocrx_word' id='word_1_360' title='bbox 458 2933 575 2984; x_wconf 82' lang='lat' dir='ltr'>nigri</span> <span class='ocrx_word' id='word_1_361' title='bbox 608 2935 789 2984; x_wconf 81' lang='lat' dir='ltr'>transp.</span> <span class='ocrx_word' id='word_1_362' title='bbox 822 2933 878 2974; x_wconf 83' lang='lat'>13-</span> <span class='ocrx_word' id='word_1_363' title='bbox 979 2943 1085 2974; x_wconf 93' lang='lat' dir='ltr'>eum</span> <span class='ocrx_word' id='word_1_364' title='bbox 1118 2944 1207 2974; x_wconf 91' lang='lat' dir='ltr'>om.</span> <span class='ocrx_word' id='word_1_365' title='bbox 1241 2930 1322 2975; x_wconf 86' lang='lat' dir='ltr'>CB</span> 
     </span>
    </p>
   </div>
  </div>
 </body>
</html>
