1982 3172
569 93 654 140 DE
687 93 1006 141 NUTRIBILI
1041 93 1179 141 CAP.
1203 94 1356 141 XXIII
1712 102 1812 152 143

123 230 521 283 irrationabilia
548 231 870 282 animalium
902 245 1014 283 non
1046 245 1079 282 a
1112 245 1171 283 se
1201 232 1355 296 ipsiS,
1389 231 1487 282 sed
1517 245 1550 281 a
1577 238 1806 282 naturae

122 304 315 369 regula
333 304 705 369 disponuntur
729 312 782 358 et
804 305 1034 357 modum
1060 312 1113 358 et
1138 312 1357 368 tempus
1383 305 1805 357 determinatum

121 380 404 444 recipiunt.

678 527 796 594 DE
843 526 1249 595 NUTRlBlLl
1828 601 1897 650 23

74 678 96 710 5
209 664 255 714 Ν
262 663 497 715 utribilis
518 669 702 715 autem
730 663 1012 714 naturales
1037 664 1270 715 virtutes
1300 669 1426 714 sunt
1455 663 1571 713 1111:
1609 669 1805 714 attrac-
1846 673 1863 712 1

119 740 248 796 tiva,
294 739 624 797 contentiva,
670 740 1033 797 immutativa,
1080 738 1388 802 expulsiva.
1445 738 1807 802 Unumquod-

119 826 223 875 que
262 813 409 863 enim
451 812 824 863 membrorum
865 812 1121 863 animalis
1162 812 1485 864 naturaliter
1526 812 1692 863 trahit
1731 812 1803 863 ad

120 901 178 938 se
203 888 487 951 proprium
516 889 910 939 nutrimentum
941 894 995 939 et
1024 887 1306 939 attrahens
1336 889 1578 939 continet
1602 894 1655 939 et
1681 901 1806 938 con-

117 962 296 1012 tinens
338 962 393 1011 in
439 974 500 1012 se
539 962 723 1024 ipsum
767 962 1023 1013 immutat
1064 967 1120 1012 et
1164 960 1380 1019 deinde,
1423 961 1571 1024 quod
1614 974 1802 1023 super-

51 1047 93 1082 ιο
116 1034 294 1086 fluum
336 1041 435 1094 est,
479 1035 721 1099 expellit.
774 1034 840 1086 Et
882 1036 1020 1086 istae
1065 1041 1193 1086 sunt
1233 1036 1482 1093 virtutes,
1524 1049 1665 1098 quae
1702 1050 1801 1086 nu·
1840 1044 1865 1084 2

114 1109 431 1162 trimentum
460 1110 833 1161 membrorum
868 1110 1116 1173 corporis
1149 1109 1467 1172 disponunt,
1500 1123 1569 1160 ex
1603 1110 1802 1173 quibus

114 1183 358 1236 efficitur
377 1184 775 1236 incrementum
803 1197 901 1247 per
926 1183 1330 1248 longitudinem
1356 1190 1412 1235 et
1438 1184 1802 1236 latitudinem.

116 1262 414 1327 Egeruntur
440 1272 574 1310 vero
607 1258 895 1323 superflua
925 1272 1022 1322 per
1051 1265 1315 1318 ventrem,
1348 1273 1444 1321 per
1474 1259 1677 1317 urinas,
1705 1273 1802 1322 per
1838 1269 1863 1308 3

112 1334 373 1392 vomitus,
398 1347 495 1397 per
526 1333 775 1392 sudoreS,
806 1347 903 1396 per
933 1347 1012 1392 OS,
1044 1347 1140 1396 per
1167 1347 1345 1392 nareS,
1374 1347 1470 1396 per
1495 1347 1672 1391 aures,
1704 1347 1801 1396 per

49 1419 90 1454 15
114 1407 322 1467 ocuIOS,
362 1422 459 1472 per
499 1409 948 1471 exspirationem,
990 1421 1088 1471 per
1130 1407 1377 1460 occultos
1420 1421 1603 1471 poros.
1655 1408 1798 1458 Nam
1836 1417 1862 1457 4

112 1482 254 1533 aliae
276 1483 591 1546 egestiones
618 1482 948 1534 manifestae
977 1489 1127 1540 sunt;
1157 1496 1253 1546 per
1280 1496 1443 1534 aures
1468 1497 1602 1534 vero
1626 1484 1800 1546 egeri-

110 1563 214 1616 tur,
237 1556 387 1620 quod
414 1570 614 1621 graece
640 1557 839 1609 dicitur
865 1556 1082 1622 kypseli
1108 1557 1216 1608 hoc
1239 1563 1324 1609 est
1348 1557 1542 1608 sordes
1566 1558 1798 1615 aurium,

111 1644 208 1694 per
248 1630 441 1683 oculos
482 1645 617 1683 vero
660 1632 918 1683 lacrimae
960 1638 1015 1683 et
1057 1631 1435 1695 lippitudines,
1479 1645 1576 1695 per
1615 1633 1798 1695 exspi-

111 1705 379 1757 rationem
409 1712 593 1758 autem
628 1706 885 1758 fumosus
915 1720 1094 1770 vapor
1128 1706 1327 1758 caloris
1362 1707 1559 1757 cordiS.
1604 1705 1798 1757 Occul-
1834 1716 1859 1754 5

43 1785 198 1830 zotos
239 1793 372 1831 vero
418 1794 588 1844 poros
633 1781 822 1832 dicunt
864 1782 1272 1832 eventationem
1319 1782 1488 1832 totius
1533 1782 1796 1844 corporis,

111 1867 208 1917 per
239 1868 404 1917 quam
438 1868 507 1906 ex
542 1855 824 1918 profundo
861 1869 958 1918 per
993 1856 1437 1908 constrictionem
1472 1856 1795 1907 arteriarum

109 1942 349 1992 vapores
404 1929 626 1991 plurimi
683 1943 780 1993 per
835 1931 1114 1982 raritatem
1173 1931 1421 1993 corporis
1483 1936 1796 1994 egeruntur.

113 2003 480 2056 Instrumenta
518 2018 652 2055 vero
697 2004 971 2057 nutribilis
1013 2011 1141 2057 sunt
1183 2019 1247 2056 os
1289 2011 1343 2056 et
1386 2005 1704 2056 stomachus
1742 2011 1798 2056 et
1835 2016 1861 2055 6

112 2083 303 2129 venter
341 2084 396 2129 et
434 2078 607 2141 hepar
646 2085 699 2131 et
739 2093 914 2130 venae
955 2093 1148 2131 omnes
1188 2085 1242 2131 et
1279 2080 1539 2130 intestina
1574 2085 1629 2130 et
1671 2080 1798 2130 cho-

44 2164 89 2199 ae
111 2151 226 2203 lera
262 2158 495 2216 utraque
533 2159 589 2204 et
626 2167 798 2205 renes.
850 2153 992 2204 Nam
1033 2168 1096 2205 os
1135 2155 1315 2218 primo
1352 2154 1584 2216 adaptat
1617 2155 1795 2204 ventri
1835 2165 1858 2204 7

191 2274 219 2314 4
250 2273 321 2315 De
354 2275 553 2315 nutribili
586 2273 672 2316 PC
700 2277 806 2316 “30
835 2277 931 2327 sere
962 2277 1053 2317 litt.
1078 2277 1116 2317 Β
1155 2288 1244 2317 om.
1269 2276 1303 2317 A
1346 2287 1493 2326 aeque
1532 2287 1589 2316 ac
1622 2280 1750 2324 72‚16

110 2333 136 2372 5
169 2333 406 2375 nutribiles
437 2334 473 2375 A
612 2334 636 2374 7
670 2335 853 2375 attrahIt
883 2335 917 2377 A
1053 2336 1079 2376 8
1112 2336 1359 2376 adtrahens
1391 2335 1429 2376 Β
1460 2332 1662 2375 attrahe?
1695 2333 1805 2385 (vol.

109 2391 365 2443 attractum)
400 2392 437 2435 C
556 2394 797 2436 contineas
827 2395 866 2436 Β
1016 2395 1043 2436 9
1075 2398 1325 2436 commutat
1355 2395 1390 2436 A
1546 2393 1600 2435 10
1632 2398 1739 2436 sunt
1769 2395 1809 2436 P

109 2456 240 2493 erunt
268 2453 307 2494 Β
338 2465 427 2494 om.
460 2452 546 2495 AC
684 2453 733 2494 11
771 2455 1075 2496 membrorum
1108 2466 1197 2495 om.
1230 2454 1271 2494 D
1394 2453 1448 2494 13
1481 2457 1675 2504 egerunt
1704 2453 1746 2495 D

107 2521 216 2552 vero
248 2523 338 2554 om.
362 2512 397 2554 A
524 2512 578 2553 14
610 2514 824 2555 sudorem
859 2513 940 2555 CB
1001 2525 1082 2564 per
1114 2524 1167 2555 os
1200 2526 1289 2555 om.
1325 2508 1382 2555 C¹
1414 2525 1451 2554 s.
1486 2525 1526 2554 υ.
1559 2514 1713 2564 suppl.
1749 2507 1808 2555 C²

168 2581 248 2620 per
278 2582 411 2614 aures
443 2584 532 2614 om.
557 2566 631 2622 A¹,
664 2584 864 2623 sequens
897 2584 976 2623 per
1007 2585 1044 2615 s.
1070 2585 1126 2623 υ.,
1164 2574 1408 2624 proxr‘mas
1433 2584 1568 2614 voces
1692 2573 1802 2613 15-

111 2628 166 2669 16
198 2630 358 2672 oculos
392 2652 444 2658 —
480 2632 752 2673 manifestae
791 2635 898 2673 sunt
936 2634 984 2673 ln
1016 2644 1166 2684 mary.
1198 2633 1353 2683 suppl.
1385 2626 1447 2674 A²
1630 2631 1685 2674 17
1716 2633 1805 2674 hoc

108 2691 178 2728 est
209 2688 256 2730 M
286 2690 334 2731 ld
365 2694 435 2732 est
463 2692 502 2733 B
626 2691 679 2731 19
712 2695 863 2732 autem
896 2691 943 2732 M
973 2702 1083 2733 vero
1114 2692 1153 2734 Β
1243 2692 1450 2733 fumosus
1482 2703 1537 2733 ex
1567 2691 1795 2733 fumosum

107 2759 227 2790 corr.
258 2743 371 2790 P¹·²
449 2753 565 2802 post
594 2752 758 2792 caloris
789 2752 902 2793 add.
934 2755 980 2793 et
1009 2752 1048 2793 B
1175 2751 1232 2791 20
1265 2748 1339 2793 dic
1358 2767 1412 2782 =
1433 2751 1542 2793 dicit
1571 2751 1610 2793 Β
1691 2763 1798 2793 eva-

107 2808 370 2850 cuationem
393 2809 429 2851 A
537 2810 593 2852 23
626 2811 856 2851 nutribilia
878 2811 914 2852 A
1027 2810 1203 2852 23—24
1236 2821 1290 2851 os
1322 2814 1455 2853 stom.
1488 2814 1534 2852 et
1564 2815 1724 2853 venter
1756 2816 1801 2852 et

108 2878 222 2917 epar
252 2871 299 2908 et
321 2879 441 2910 vene
465 2879 628 2911 omnes
653 2874 698 2910 et
723 2870 801 2911 int.
824 2874 869 2911 et
893 2871 980 2912 col.
999 2869 1037 2913 C
1062 2874 1195 2911 stom.
1218 2881 1271 2911 os
1297 2874 1342 2911 et
1365 2875 1524 2912 venter
1547 2874 1593 2912 et
1616 2882 1736 2912 vene
1762 2875 1806 2911 et

109 2939 219 2977 epar
243 2933 288 2968 et
320 2930 398 2969 int.
425 2933 469 2969 et
495 2929 580 2970 col.
602 2930 635 2971 A
667 2941 719 2969 os
745 2934 878 2971 stom.
903 2934 1061 2971 venter
1085 2940 1195 2980 epar
1219 2941 1337 2971 vene
1364 2941 1526 2971 omnes
1552 2931 1631 2971 int.
1658 2931 1743 2972 col.
1769 2931 1806 2972 Β
