1982 3172
99 83 184 130 ΑΒ
219 78 483 129 ALFANO
519 81 584 127 IN
618 78 910 126 LATINUM
944 75 1385 123 TRANSLATUM
1422 75 1559 121 CAP.
1588 74 1624 119 ΙΙ
1675 81 1735 130 41

56 223 241 275 omnia
266 221 510 272 numeris
543 224 800 270 assuetus
834 216 1103 267 diffinivit
1135 221 1188 266 et
1221 215 1461 265 animam
1495 227 1616 264 esse
1647 228 1743 262 nu-

56 311 265 349 merum
310 309 368 347 se
411 296 594 358 ipsum
639 298 969 349 moventem,
1015 290 1164 354 quod
1209 295 1263 340 et
1308 289 1744 340 Xenocrates

57 373 301 423 imitatus
331 370 584 432 exponit:
615 382 725 419 non
759 366 908 430 quod
940 371 993 417 et
1024 379 1288 416 numerus
1321 365 1390 415 sit
1414 364 1613 419 anima,
1648 362 1743 412 sed

58 446 206 510 quod
245 446 300 496 in
339 443 774 495 numerabilibus
815 443 885 493 sit
923 447 976 492 et
1016 442 1070 490 in
1109 439 1491 502 multiplicatis
1524 443 1578 488 et
1618 438 1746 500 quia

12 529 35 564 5
56 522 240 571 anima
260 525 360 577 est,
386 533 527 582 quae
553 518 813 569 discernit
836 531 938 574 res,
964 516 1174 567 formas
1199 520 1252 565 et
1270 514 1485 577 figuras
1512 511 1747 575 singulis

56 595 409 659 apponendo.
461 594 587 656 Ipsa
626 594 771 644 enim
812 597 910 649 est,
952 605 1092 653 quae
1135 590 1347 652 species
1388 602 1421 638 a
1456 587 1746 650 speciebus

58 684 348 722 secernens
410 669 659 720 diversas
706 681 801 718 eas
847 671 1121 717 monstrat
1165 664 1492 715 alteratione
1541 663 1746 725 specie-

60 759 178 795 rum
216 751 269 795 et
309 743 767 806 multiplicatione
806 741 1033 791 numeri.
1086 739 1216 790 Ideo
1256 737 1627 788 numerabiles
1667 736 1747 786 fa-

60 821 207 871 ciens
239 832 325 869 res
357 832 468 869 non
502 817 728 868 omnino
762 816 1006 866 diversat
1039 828 1071 864 a
1105 814 1493 864 communione
1518 812 1747 862 numeri.

0 900 38 935 ⁴0
60 894 167 945 Sed
198 906 294 957 per
324 906 382 943 se
413 891 672 942 mobilem
702 891 867 941 etiam
899 890 1019 952 ipse
1049 894 1284 940 testatus
1308 893 1405 938 est.
1448 887 1591 942 Quia
1616 900 1748 937 vero
1787 891 1839 930 72

59 981 319 1019 numerus
345 981 456 1017 non
485 967 568 1024 sit,
597 965 954 1016 manifestum
980 978 1050 1015 ex
1078 963 1196 1014 hoc.
1236 962 1512 1018 Numerus
1536 962 1750 1024 quanti-

60 1043 187 1094 tatis
212 1048 322 1098 est;
350 1042 535 1092 anima
562 1054 696 1091 vero
725 1041 1005 1103 quantitas
1033 1052 1144 1089 non
1172 1043 1272 1095 est,
1296 1037 1394 1088 sed
1425 1037 1750 1087 substantia.

58 1117 259 1167 Anima
303 1117 470 1180 igitur
515 1129 777 1167 numerus
823 1128 935 1165 non
980 1119 1078 1171 est,
1124 1114 1227 1164 etsi
1276 1126 1373 1175 per
1414 1111 1652 1175 plurima
1697 1116 1751 1161 et

61 1205 349 1242 numerum
392 1192 446 1241 in
489 1189 942 1253 intellegibilibus
987 1188 1355 1239 substantiam
1398 1200 1521 1238 esse
1564 1186 1751 1243 velint,

1 1271 40 1306 ¹5
63 1271 122 1317 ut
158 1266 404 1316 dicemus
444 1266 498 1315 in
538 1264 910 1327 sequentibus.
958 1262 1231 1326 Amplius,
1270 1262 1455 1312 anima
1493 1261 1754 1312 continua
1790 1264 1885 1310 721»

64 1346 172 1397 est;
197 1354 458 1391 numerus
484 1346 670 1391 autern
698 1339 992 1390 continuus
1017 1352 1128 1388 non
1155 1343 1254 1388 est.
1291 1337 1569 1387 Numerus
1589 1337 1758 1399 igitur

66 1416 250 1465 anima
279 1429 390 1466 non
425 1420 522 1466 est.
570 1414 719 1471 Item,
755 1427 1017 1464 numerus
1052 1418 1147 1463 aut
1180 1426 1280 1475 par
1309 1417 1395 1463 est
1430 1417 1525 1462 aut
1556 1411 1748 1473 impar.

67 1489 175 1540 Sed
205 1489 390 1539 anima
422 1502 524 1539 nec
557 1502 659 1551 par
689 1502 791 1538 nec
822 1489 1014 1550 impar.
1055 1487 1258 1537 Anima
1286 1487 1454 1550 igitur
1488 1500 1751 1536 numerus

66 1577 176 1615 non
208 1569 308 1615 est.
355 1563 420 1614 Et
455 1564 667 1621 iterum,
702 1577 965 1613 numerus
1004 1561 1308 1613 secundum
1344 1561 1756 1624 appositionem

0 1641 44 1677 2⁰
67 1639 282 1695 crescit3
315 1639 500 1688 anima
534 1651 667 1688 vero
706 1637 1010 1688 secundum
1047 1637 1457 1700 appositionem
1494 1650 1604 1687 non
1641 1649 1752 1686 cre-

68 1713 182 1764 scit.
215 1712 487 1776 Amplius,
517 1712 701 1762 anima
732 1726 831 1774 per
859 1725 917 1762 se
946 1711 1167 1762 mobilis
1192 1717 1301 1768 est;
1325 1724 1589 1761 numerus
1618 1724 1751 1761 vero

68 1787 376 1851 descriptus
405 1793 490 1838 est
523 1786 837 1838 immobilis.
885 1786 1033 1844 Item,
1067 1786 1311 1836 numeris
1344 1799 1489 1836 unus
1521 1791 1574 1836 et
1604 1785 1751 1836 idem

68 1867 264 1912 natura
295 1875 524 1912 manens
556 1861 766 1912 nullam
803 1861 1124 1924 qualitatem
1157 1861 1402 1911 numeris
1438 1861 1759 1923 contingen-

70 1941 178 1986 tem
209 1941 422 1987 mutare
454 1941 652 1999 potest.
696 1935 805 1987 Sed
836 1937 1021 1986 anima
1054 1950 1164 1986 una
1195 1935 1502 1997 eademque
1528 1949 1758 1985 manens

0 2015 45 2049 2⁵
70 2010 373 2061 secundum
433 2010 799 2062 substantiam
861 2016 1137 2074 permutat
1197 2010 1491 2073 qualitates
1551 2024 1618 2060 ex
1679 2010 1758 2059 in-

70 2084 514 2148 disciplinatione
539 2084 609 2134 ad
642 2084 989 2147 disciplinam
1022 2085 1348 2147 perveniens
1379 2090 1433 2135 et
1462 2098 1495 2134 a
1524 2085 1658 2135 vitio
1685 2084 1756 2134 ad
1822 2107 1826 2112 ·

144 2263 162 2304 1
200 2266 396 2305 assuetis
429 2261 502 2313 (us
535 2276 682 2315 supra
715 2265 754 2305 is
786 2261 895 2315 scr.)
926 2265 961 2306 A
1028 2265 1256 2306 diffinivit.
1290 2267 1335 2306 et
1366 2265 1406 2305 Ρ
1437 2263 1632 2306 diffiniti.
1658 2267 1704 2305 et
1728 2264 1760 2304 A

69 2323 214 2364 distin.
238 2324 289 2370 B,
322 2326 510 2366 eaedem
544 2326 687 2365 notae
719 2325 767 2364 in
799 2323 883 2364 AB
912 2329 1021 2374 42,2
1112 2335 1217 2366 esse
1249 2336 1339 2365 om.
1364 2324 1399 2365 A
1554 2323 1580 2363 2
1613 2325 1763 2374 ipsum

67 2395 157 2424 om.
182 2383 220 2424 B
306 2386 353 2424 et
383 2383 665 2425 Xenocrates
697 2383 769 2424 Ho
802 2386 848 2424 et
879 2387 1171 2426 scenocrates
1203 2385 1286 2425 ΡΒ
1318 2386 1637 2425 assenocrates
1669 2383 1702 2423 A

69 2441 95 2482 3
127 2453 250 2483 num.
280 2446 394 2494 post
424 2444 578 2483 anima
607 2455 719 2494 pon.
751 2442 785 2483 A
939 2444 997 2484 sIt
1027 2444 1440 2485 innumerabilibus
1472 2446 1518 2484 et
1550 2443 1765 2492 multipli-

69 2502 182 2542 catis
213 2501 247 2542 A
431 2503 455 2542 7
490 2503 758 2543 discernens
789 2503 827 2543 Β
992 2503 1019 2543 8
1053 2503 1162 2544 Ideo
1188 2523 1244 2530 -
1271 2503 1299 2543 9
1330 2503 1507 2543 numeri
1539 2514 1629 2543 om.
1662 2502 1700 2543 Β

74 2559 126 2599 10
157 2563 348 2603 testatus
380 2559 466 2611 est]
499 2565 688 2603 testatur
718 2562 751 2602 A
879 2561 927 2602 11
965 2573 1023 2604 ex
1055 2563 1144 2603 hoc
1178 2562 1333 2603 manif.
1366 2559 1432 2611 (h.
1459 2558 1523 2611 ο.)
1551 2562 1585 2602 Α
1621 2563 1766 2602 mani-

71 2619 235 2660 festum
267 2624 337 2662 est
368 2633 427 2663 ex
458 2622 547 2662 hoc
570 2622 609 2663 Β
724 2621 778 2662 13
811 2624 857 2662 et
880 2621 958 2662 PA
993 2623 1131 2663 etiam
1155 2622 1194 2663 Β
1310 2621 1364 2661 14
1396 2622 1572 2662 numeri
1596 2621 1631 2662 A
1696 2615 1767 2662 in¹

68 2690 158 2719 om.
190 2672 284 2719 P¹A
318 2691 466 2731 supra
498 2692 615 2722 vers.
647 2682 803 2733 suppl.
835 2673 895 2722 Ρ*
1077 2681 1131 2721 16
1163 2674 1256 2722 est¹
1287 2683 1335 2722 et
1365 2684 1517 2721 autem
1551 2692 1640 2722 om.
1669 2680 1704 2721 A

72 2737 124 2778 17
158 2732 259 2778 aut¹
290 2741 337 2780 et
366 2743 436 2781 est
466 2752 556 2781 om.
589 2739 622 2781 A
780 2740 834 2780 18
875 2742 990 2791 post
1020 2741 1166 2790 impar
1197 2741 1310 2782 add.
1342 2743 1413 2782 est
1443 2741 1482 2781 Β
1636 2740 1690 2781 19
1722 2744 1767 2782 et

69 2797 228 2838 iterum
260 2797 332 2839 PA
366 2799 526 2841 iterum
557 2800 596 2841 Β
784 2799 839 2840 22
873 2800 1121 2841 immobilis
1153 2811 1244 2841 om.
1275 2799 1309 2842 Α
1405 2799 1514 2841 Item
1548 2811 1638 2841 om.
1671 2801 1709 2842 B

70 2856 126 2958 g?
149 2855 462 2959 ἒιιιῐὲιέἶῗερξί
494 2871 549 2902 ex
579 2871 608 2901 u
642 2861 855 2902 radendo
889 2856 1028 2910 corr.)
1055 2860 1093 2901 Ρ
1123 2870 1338 2902 numerus
1361 2859 1446 2903 AB
1567 2859 1623 2900 24
1656 2857 1766 2911 Sed]
