1982 3172
219 109 291 163 20
586 101 843 151 NEMEsn
876 101 1191 151 PREMNON
1224 103 1549 152 PHYSICON

220 243 619 294 irrationalium
666 249 862 295 natura
910 249 1134 304 propter
1181 257 1239 293 se
1285 245 1463 305 ipsam
1511 243 1658 295 facta
1704 245 1787 302 sit,
1828 257 1898 294 an

221 324 446 379 propter
468 317 763 367 hominem.
799 316 908 367 Sed
932 318 1325 367 inconveniens
1346 323 1432 368 est
1455 319 1650 369 merito
1673 319 1900 370 scientia

222 391 468 454 expertia
499 397 554 441 et
587 390 658 441 ad
693 390 956 454 placitum
989 389 1297 441 naturalem
1331 395 1543 443 tantum
1575 392 1820 444 viventia
1845 399 1900 444 et

224 464 295 514 ad
330 470 529 515 terram
563 463 823 518 deorsum
854 465 1142 515 incurvata
1175 465 1569 528 servitiumque
1600 465 1785 528 figura
1814 465 1906 516 de-

137 548 191 589 79
223 539 586 589 monstrantia
611 537 790 588 dicere
821 544 1045 601 propter
1073 551 1131 588 se
1162 537 1308 589 facta
1336 551 1474 588 esse.
1503 538 1692 590 Multis
1717 545 1898 590 autem
1951 548 1974 581 5

225 612 291 661 de
327 612 412 662 his
453 612 601 662 dictu
639 613 965 663 necessariis
1004 612 1367 663 existentibus
1405 613 1738 676 propriaque
1776 626 1902 664 con·

224 688 519 749 scriptione
546 701 646 749 pro
670 686 1025 738 multitudine
1050 686 1428 750 indigentibus
1451 701 1563 739 non
1588 689 1903 752 recipienda

224 761 590 824 dispositione
648 762 936 825 proposita
994 775 1094 825 pro
1135 761 1431 812 verborum
1475 761 1790 825 prolixitate
1831 763 1901 814 ad

137 846 191 885 8ο
222 835 411 886 brevia
441 835 663 898 quidem
693 842 747 886 et
774 835 1409 899 utilia-perveniendum.
1449 835 1506 887 Si
1534 837 1703 900 igitur
1724 837 1779 887 in
1806 837 1903 887 ho-

223 910 367 965 mine
408 909 560 960 velut
601 911 655 959 in
697 910 937 972 imagine
991 909 1231 972 quadam
1283 911 1702 973 inspexerimus,
1764 923 1904 974 quae
1932 918 1974 953 1⁰

223 990 350 1035 sunt
409 985 758 1043 exteriorum,
804 996 903 1048 per
945 998 1068 1035 earn
1114 998 1514 1048 cognoscemus
1559 985 1903 1037 demonstra-

223 1058 401 1109 tiones
430 1057 695 1109 facientes
722 1071 928 1117 eorum,
957 1072 1098 1120 quae
1127 1064 1477 1120 quaeruntur,
1503 1059 1792 1111 essentiae.
1813 1058 1906 1110 Vi-

224 1132 453 1182 deamus
498 1133 665 1194 igitur
712 1133 766 1181 in
812 1137 1003 1183 nostra
1051 1133 1234 1182 anima
1281 1132 1756 1184 irrationalitatem
1802 1133 1900 1182 hu-

136 1217 185 1256 81
222 1208 417 1269 iusque
457 1213 657 1270 parteS.
710 1206 846 1257 Dico
886 1213 1070 1258 autem
1110 1208 1417 1270 appetitum
1457 1213 1511 1259 et
1549 1206 1793 1259 furorem
1829 1208 1900 1258 ad

223 1282 506 1332 servitium
537 1280 668 1333 data
697 1281 1054 1332 rationalitati
1085 1287 1139 1332 et
1168 1281 1310 1332 hanc
1340 1281 1562 1345 quidem
1592 1283 1902 1346 principari·
1931 1291 1973 1324 15

222 1363 345 1413 tem,
377 1355 514 1405 haec
543 1368 676 1406 vero
709 1355 1071 1418 obsequentia
1100 1361 1156 1406 et
1186 1355 1327 1406 hanc
1359 1356 1580 1418 quidem
1607 1356 1899 1415 iubentem,

221 1430 357 1480 haec
382 1443 514 1480 vero
544 1431 696 1480 iussa
722 1430 1269 1492 necessitatibusque,
1299 1430 1498 1493 quibus
1525 1431 1667 1482 ratio
1696 1444 1901 1494 suppo-

222 1504 405 1562 suerit,
466 1504 848 1562 deservientia,
908 1510 967 1554 ut
1012 1503 1255 1556 salvetur
1299 1504 1602 1555 secundum
1646 1509 1897 1557 naturam

136 1588 191 1627 82
221 1578 405 1628 hom0.
461 1577 624 1634 Quod
669 1579 716 1628 si
758 1583 1073 1630 nostrorum
1118 1578 1575 1629 irrationabilium
1618 1577 1900 1638 rationale,

224 1651 372 1715 quod
417 1653 471 1701 in
515 1652 676 1703 nobis
720 1658 817 1711 est,
863 1652 1192 1711 dominatur,
1237 1652 1518 1716 quomodo
1561 1666 1672 1703 non
1712 1666 1901 1704 conse·
1928 1660 1973 1696 2⁰

224 1731 451 1789 quenter
482 1726 628 1777 idem
661 1725 1035 1777 dominabitur
1064 1727 1397 1778 exteriorum
1429 1726 1902 1786 irrationabilium,

222 1806 283 1851 ut
327 1800 399 1850 ad
445 1801 802 1852 necessitates
846 1801 896 1851 ei
944 1800 1074 1852 data
1119 1801 1266 1852 sint?
1322 1800 1464 1852 Nam
1505 1814 1537 1851 a
1579 1806 1778 1853 natura
1816 1807 1900 1853 est

225 1874 557 1936 dispositum
618 1875 933 1925 irrationale
978 1875 1182 1925 servire
1227 1874 1498 1933 rationali,
1543 1880 1603 1926 ut
1646 1875 1701 1925 in
1741 1874 1904 1927 nobis

141 1959 195 1998 83
228 1948 663 1999 demonstratum
727 1955 826 1999 est.
894 1948 1215 2000 Manifestat
1278 1954 1462 2000 autem
1526 1948 1633 2000 hoc
1693 1948 1907 2000 factura

300 2099 317 2138 1
356 2099 729 2139 irrationabilium
765 2099 846 2140 CB
923 2101 1070 2148 ipsum
1103 2100 1142 2140 B
1284 2100 1310 2139 2
1343 2101 1526 2140 inconv.
1559 2110 1666 2140 mer.
1698 2101 1767 2140 est
1796 2095 1907 2148 (hoc

222 2156 345 2208 ord.)
375 2159 426 2204 B,
460 2160 658 2209 exspect.
692 2169 798 2199 mer.
831 2160 1013 2199 inconv.
1077 2160 1270 2199 scientia
1302 2157 1343 2200 O
1376 2159 1598 2199 scientiae
1627 2157 1701 2198 Ηο
1728 2159 1906 2209 proba-

224 2218 379 2259 biliter
471 2217 495 2257 3
529 2219 749 2268 experitia
781 2214 815 2266 (i
847 2219 935 2258 del.
969 2229 1026 2259 m.
1059 2215 1103 2268 2)
1139 2217 1177 2259 C
1212 2220 1399 2267 experta
1429 2218 1468 2258 Β
1498 2218 1779 2267 experientia
1809 2217 1844 2257 A

222 2277 425 2318 naturale
456 2277 490 2317 A
586 2276 701 2316 3—4
732 2277 934 2326 viventia
960 2308 969 2317 .
989 2309 998 2318 .
1019 2308 1029 2318 .
1055 2278 1287 2318 incurvata
1319 2277 1366 2318 M
1434 2277 1716 2317 invenientia
1741 2307 1751 2317 .
1772 2307 1781 2317 .
1801 2307 1811 2317 .
1837 2277 1904 2316 in-

222 2337 389 2376 clinata
411 2336 449 2376 B
533 2336 557 2375 5
591 2339 742 2376 autem
766 2336 805 2376 B
835 2337 970 2386 igitur
993 2336 1039 2376 M
1125 2337 1151 2376 6
1185 2338 1307 2377 dicto
1331 2337 1369 2377 B
1429 2335 1846 2384 circumscriptione
1868 2335 1903 2375 A

283 2396 305 2435 7
340 2395 604 2445 recipienda
634 2398 661 2446 p
695 2396 958 2444 recipienda
991 2407 1016 2435 a
1050 2394 1090 2436 Ο
1213 2396 1239 2436 8
1273 2406 1354 2445 pro
1387 2392 1518 2444 (ante
1548 2391 1692 2444 verb.)
1725 2405 1814 2435 om.
1849 2388 1907 2435 C¹

222 2456 375 2505 suppl.
410 2449 467 2495 C²
572 2454 626 2494 10
658 2455 942 2504 inspeximus
972 2455 1007 2495 A
1043 2456 1406 2504 perspexerimus
1437 2454 1476 2494 Β
1579 2452 1627 2493 11
1664 2454 1905 2503 cognosci-

223 2524 323 2554 mus
349 2508 405 2555 C¹
438 2526 555 2554 corr.
584 2507 642 2554 C²
702 2515 1138 2554 demonstrationem
1170 2515 1211 2555 D
1335 2513 1388 2553 12
1421 2515 1665 2564 querentur
1687 2509 1856 2563 (supra
1879 2522 1907 2552 e

223 2573 421 2613 deletum
448 2585 535 2614 scr.
562 2585 590 2613 u
614 2585 673 2614 m.
696 2570 742 2622 2)
769 2572 806 2614 C
905 2574 1135 2614 essentiae
1166 2574 1255 2614 hoc·
1283 2573 1387 2613 loco
1418 2583 1519 2621 eyo,
1546 2573 1660 2622 post
1691 2581 1847 2612 eorum
1870 2571 1911 2612 P

223 2641 326 2671 esse
358 2632 398 2672 D
464 2632 517 2672 13
549 2633 984 2672 irrationabilitatem
1018 2633 1246 2682 huiusque
1278 2632 1416 2681 partis
1443 2630 1523 2671 CB
1585 2630 1639 2670 14
1671 2634 1716 2670 et
1747 2641 1837 2671 om.
1861 2629 1908 2670 M
1949 2641 1973 2666 κ

285 2690 338 2730 15
370 2691 710 2731 serviendumA
782 2692 936 2732 datum
961 2702 1016 2732 ex
1040 2692 1192 2732 datam
1216 2684 1411 2731 corr.A¹
1471 2689 1812 2729 rationabilitati
1829 2687 1909 2730 CB

286 2749 339 2788 16
370 2746 496 2798 vero]
530 2750 715 2799 quidem
750 2745 807 2791 C¹
838 2762 957 2791 corr.
984 2743 1042 2792 0²
1101 2754 1147 2790 et
1178 2752 1224 2790 et
1254 2749 1439 2799 quidem
1470 2759 1560 2789 om.
1585 2749 1622 2789 B
1715 2747 1767 2788 17
1799 2758 1907 2797 sup-

225 2812 474 2856 posuerunt
495 2809 533 2848 B
623 2808 675 2848 21
711 2810 1035 2850 irrationalium
1058 2809 1098 2849 Ρ
1186 2808 1242 2848 22
1274 2805 1338 2856 ut]
1373 2818 1474 2848 curn
1498 2806 1533 2847 A
1597 2808 1688 2847 sint
1718 2818 1774 2848 ex
1803 2809 1914 2847 sunt

224 2877 342 2908 corr.
376 2861 434 2907 C¹
465 2869 517 2907 ut
548 2868 639 2908 vid.
761 2867 817 2908 23
849 2866 1074 2917 rationali]
1107 2867 1352 2908 irrationali
1382 2866 1416 2907 A
1547 2866 1603 2906 24
1635 2869 1786 2906 autern
1818 2865 1908 2906 hoc

223 2927 405 2976 transp.
437 2925 474 2965 B
504 2926 593 2965 hoc
626 2937 713 2966 om.
746 2926 779 2966 A
850 2927 1021 2967 iactura
1053 2938 1107 2968 ex
1137 2927 1303 2967 facturn
1336 2937 1452 2966 corr.
1486 2918 1544 2966 Ρἰ
1575 2926 1626 2966 ut
1658 2925 1748 2966 vid.
