<?xml version="1.0" encoding="UTF-8"?>
<!DOCTYPE html PUBLIC "-//W3C//DTD XHTML 1.0 Transitional//EN"
    "http://www.w3.org/TR/xhtml1/DTD/xhtml1-transitional.dtd">
<html xmlns="http://www.w3.org/1999/xhtml" xml:lang="en" lang="en">
 <head>
  <title>
</title>
<meta http-equiv="Content-Type" content="text/html;charset=utf-8" />
  <meta name='ocr-system' content='tesseract 3.04.00' />
  <meta name='ocr-capabilities' content='ocr_page ocr_carea ocr_par ocr_line ocrx_word'/>
</head>
<body>
  <div class='ocr_page' id='page_1' title='image "./nemesiiepiscopip00nemeuoft_0160.png"; bbox 0 0 1982 3172; ppageno 0'>
   <div class='ocr_carea' id='block_1_1' title="bbox 171 334 197 373">
    <p class='ocr_par' dir='ltr' id='par_1_1' title="bbox 171 334 197 373">
     <span class='ocr_line' id='line_1_1' title="bbox 171 334 197 373; baseline 0 0"><span class='ocrx_word' id='word_1_1' title='bbox 171 334 197 373; x_wconf 91' lang='lat'>8</span> 
     </span>
    </p>
   </div>
   <div class='ocr_carea' id='block_1_2' title="bbox 144 927 197 967">
    <p class='ocr_par' dir='ltr' id='par_1_2' title="bbox 144 927 197 967">
     <span class='ocr_line' id='line_1_2' title="bbox 144 927 197 967; baseline -0.019 0"><span class='ocrx_word' id='word_1_2' title='bbox 144 927 197 967; x_wconf 91' lang='lat'>10</span> 
     </span>
    </p>
   </div>
   <div class='ocr_carea' id='block_1_3' title="bbox 146 1373 192 1412">
    <p class='ocr_par' dir='ltr' id='par_1_3' title="bbox 146 1373 192 1412">
     <span class='ocr_line' id='line_1_3' title="bbox 146 1373 192 1412; baseline 0 0"><span class='ocrx_word' id='word_1_3' title='bbox 146 1373 192 1412; x_wconf 88' lang='lat'>11</span> 
     </span>
    </p>
   </div>
   <div class='ocr_carea' id='block_1_4' title="bbox 141 1744 192 1787">
    <p class='ocr_par' dir='ltr' id='par_1_4' title="bbox 141 1744 192 1787">
     <span class='ocr_line' id='line_1_4' title="bbox 141 1744 192 1787; baseline -0.078 0"><span class='ocrx_word' id='word_1_4' title='bbox 141 1744 192 1787; x_wconf 85' lang='grc'>12</span> 
     </span>
    </p>
   </div>
   <div class='ocr_carea' id='block_1_5' title="bbox 139 1967 191 2007">
    <p class='ocr_par' dir='ltr' id='par_1_5' title="bbox 139 1967 191 2007">
     <span class='ocr_line' id='line_1_5' title="bbox 139 1967 191 2007; baseline 0 0"><span class='ocrx_word' id='word_1_5' title='bbox 139 1967 191 2007; x_wconf 89' lang='grc'>13</span> 
     </span>
    </p>
   </div>
   <div class='ocr_carea' id='block_1_6' title="bbox 233 109 1557 167">
    <p class='ocr_par' dir='ltr' id='par_1_6' title="bbox 233 109 1557 167">
     <span class='ocr_line' id='line_1_6' title="bbox 233 109 1557 167; baseline 0.001 -9"><span class='ocrx_word' id='word_1_6' title='bbox 233 116 332 167; x_wconf 83' lang='grc'>144</span> <span class='ocrx_word' id='word_1_7' title='bbox 594 109 851 157; x_wconf 87' lang='lat' dir='ltr'>NEMESII</span> <span class='ocrx_word' id='word_1_8' title='bbox 884 109 1200 158; x_wconf 87' lang='lat' dir='ltr'>PREMNON</span> <span class='ocrx_word' id='word_1_9' title='bbox 1234 111 1557 159; x_wconf 84' lang='lat' dir='ltr'>PHYSICON</span> 
     </span>
    </p>
   </div>
   <div class='ocr_carea' id='block_1_7' title="bbox 227 249 1980 2315">
    <p class='ocr_par' dir='ltr' id='par_1_7' title="bbox 227 249 1980 2315">
     <span class='ocr_line' id='line_1_7' title="bbox 228 249 1907 303; baseline 0.004 -6"><span class='ocrx_word' id='word_1_10' title='bbox 228 249 621 299; x_wconf 83' lang='lat' dir='ltr'><strong>nutrimentum</strong></span> <span class='ocrx_word' id='word_1_11' title='bbox 656 249 708 297; x_wconf 92' lang='lat' dir='ltr'>in</span> <span class='ocrx_word' id='word_1_12' title='bbox 747 249 969 300; x_wconf 83' lang='lat' dir='ltr'>subtilia</span> <span class='ocrx_word' id='word_1_13' title='bbox 1003 251 1282 300; x_wconf 92' lang='lat' dir='ltr'>minutans</span> <span class='ocrx_word' id='word_1_14' title='bbox 1319 250 1455 300; x_wconf 89' lang='lat' dir='ltr'>illud</span> <span class='ocrx_word' id='word_1_15' title='bbox 1493 265 1614 301; x_wconf 93' lang='lat' dir='ltr'>cum</span> <span class='ocrx_word' id='word_1_16' title='bbox 1651 252 1907 303; x_wconf 89' lang='lat' dir='ltr'>dentibus</span> 
     </span>
     <span class='ocr_line' id='line_1_8' title="bbox 228 322 1908 390; baseline 0.004 -18"><span class='ocrx_word' id='word_1_17' title='bbox 228 328 282 373; x_wconf 93' lang='lat' dir='ltr'>et</span> <span class='ocrx_word' id='word_1_18' title='bbox 319 322 525 385; x_wconf 88' lang='lat' dir='ltr'>lingua.</span> <span class='ocrx_word' id='word_1_19' title='bbox 578 322 877 373; x_wconf 83' lang='lat' dir='ltr'>Maximam</span> <span class='ocrx_word' id='word_1_20' title='bbox 918 325 1062 373; x_wconf 93' lang='lat' dir='ltr'>enim</span> <span class='ocrx_word' id='word_1_21' title='bbox 1104 324 1396 375; x_wconf 88' lang='lat' dir='ltr'>utilitatem</span> <span class='ocrx_word' id='word_1_22' title='bbox 1436 325 1625 388; x_wconf 89' lang='lat' dir='ltr'>lingua</span> <span class='ocrx_word' id='word_1_23' title='bbox 1662 332 1908 390; x_wconf 84' lang='lat' dir='ltr'>praestat</span> 
     </span>
     <span class='ocr_line' id='line_1_9' title="bbox 228 398 1908 464; baseline 0.004 -18"><span class='ocrx_word' id='word_1_24' title='bbox 228 398 596 449; x_wconf 91' lang='lat' dir='ltr'>masticationi</span> <span class='ocrx_word' id='word_1_25' title='bbox 620 398 940 448; x_wconf 89' lang='lat' dir='ltr'>coadunans</span> <span class='ocrx_word' id='word_1_26' title='bbox 966 413 1149 449; x_wconf 91' lang='lat' dir='ltr'>escam</span> <span class='ocrx_word' id='word_1_27' title='bbox 1179 399 1545 464; x_wconf 90' lang='lat' dir='ltr'>dentibusque</span> <span class='ocrx_word' id='word_1_28' title='bbox 1574 415 1908 464; x_wconf 88' lang='lat' dir='ltr'>supponens,</span> 
     </span>
     <span class='ocr_line' id='line_1_10' title="bbox 229 470 1908 534; baseline 0.002 -13"><span class='ocrx_word' id='word_1_29' title='bbox 229 470 698 534; x_wconf 91' lang='lat' dir='ltr'>quemadmodum</span> <span class='ocrx_word' id='word_1_30' title='bbox 736 471 1123 522; x_wconf 89' lang='lat' dir='ltr'>molendinarii</span> <span class='ocrx_word' id='word_1_31' title='bbox 1163 487 1330 522; x_wconf 91' lang='lat' dir='ltr'>manu</span> <span class='ocrx_word' id='word_1_32' title='bbox 1370 472 1705 525; x_wconf 83' lang='lat' dir='ltr'>frumentum</span> <span class='ocrx_word' id='word_1_33' title='bbox 1745 475 1908 526; x_wconf 90' lang='lat' dir='ltr'>molis</span> 
     </span>
     <span class='ocr_line' id='line_1_11' title="bbox 229 545 1974 610; baseline 0.002 -15"><span class='ocrx_word' id='word_1_34' title='bbox 229 545 527 602; x_wconf 91' lang='lat' dir='ltr'>subiciunt;</span> <span class='ocrx_word' id='word_1_35' title='bbox 552 546 630 595; x_wconf 90' lang='lat' dir='ltr'>sic</span> <span class='ocrx_word' id='word_1_36' title='bbox 659 546 1074 608; x_wconf 91' lang='lat' dir='ltr'>quodammodo</span> <span class='ocrx_word' id='word_1_37' title='bbox 1101 552 1155 597; x_wconf 92' lang='lat' dir='ltr'>et</span> <span class='ocrx_word' id='word_1_38' title='bbox 1184 547 1374 610; x_wconf 87' lang='lat' dir='ltr'>lingua</span> <span class='ocrx_word' id='word_1_39' title='bbox 1401 561 1598 598; x_wconf 92' lang='lat' dir='ltr'>manus</span> <span class='ocrx_word' id='word_1_40' title='bbox 1623 553 1708 599; x_wconf 91' lang='lat' dir='ltr'>est</span> <span class='ocrx_word' id='word_1_41' title='bbox 1722 551 1907 599; x_wconf 89' lang='lat' dir='ltr'>masti-</span> <span class='ocrx_word' id='word_1_42' title='bbox 1957 566 1974 598; x_wconf 74' lang='grc' dir='ltr'>ε</span> 
     </span>
     <span class='ocr_line' id='line_1_12' title="bbox 230 619 1908 682; baseline 0.002 -13"><span class='ocrx_word' id='word_1_43' title='bbox 230 621 476 670; x_wconf 83' lang='lat' dir='ltr'>cationis,</span> <span class='ocrx_word' id='word_1_44' title='bbox 507 619 597 669; x_wconf 92' lang='lat' dir='ltr'>Sic</span> <span class='ocrx_word' id='word_1_45' title='bbox 618 620 804 682; x_wconf 91' lang='lat' dir='ltr'>itaque</span> <span class='ocrx_word' id='word_1_46' title='bbox 825 627 1155 682; x_wconf 89' lang='lat' dir='ltr'>praeparata</span> <span class='ocrx_word' id='word_1_47' title='bbox 1178 634 1303 671; x_wconf 89' lang='lat' dir='ltr'>esca</span> <span class='ocrx_word' id='word_1_48' title='bbox 1326 623 1713 673; x_wconf 88' lang='lat' dir='ltr'>transmittitur</span> <span class='ocrx_word' id='word_1_49' title='bbox 1731 625 1908 674; x_wconf 88' lang='lat' dir='ltr'>ventri</span> 
     </span>
     <span class='ocr_line' id='line_1_13' title="bbox 229 694 1908 756; baseline 0.002 -13"><span class='ocrx_word' id='word_1_50' title='bbox 229 707 325 756; x_wconf 87' lang='lat' dir='ltr'>per</span> <span class='ocrx_word' id='word_1_51' title='bbox 358 694 718 744; x_wconf 90' lang='lat' dir='ltr'>stomachum.</span> <span class='ocrx_word' id='word_1_52' title='bbox 766 694 1095 745; x_wconf 90' lang='lat' dir='ltr'>Stomachus</span> <span class='ocrx_word' id='word_1_53' title='bbox 1127 697 1274 745; x_wconf 89' lang='lat' dir='ltr'>enim</span> <span class='ocrx_word' id='word_1_54' title='bbox 1309 709 1420 746; x_wconf 90' lang='lat' dir='ltr'>non</span> <span class='ocrx_word' id='word_1_55' title='bbox 1458 696 1638 746; x_wconf 91' lang='lat' dir='ltr'>solum</span> <span class='ocrx_word' id='word_1_56' title='bbox 1673 702 1757 748; x_wconf 91' lang='lat' dir='ltr'>est</span> <span class='ocrx_word' id='word_1_57' title='bbox 1789 710 1908 747; x_wconf 90' lang='lat' dir='ltr'>sen-</span> 
     </span>
     <span class='ocr_line' id='line_1_14' title="bbox 231 767 1908 831; baseline 0.001 -13"><span class='ocrx_word' id='word_1_58' title='bbox 231 767 388 818; x_wconf 91' lang='lat' dir='ltr'>sibile</span> <span class='ocrx_word' id='word_1_59' title='bbox 418 768 772 831; x_wconf 83' lang='lat' dir='ltr'>indigentiae,</span> <span class='ocrx_word' id='word_1_60' title='bbox 810 768 906 819; x_wconf 90' lang='lat' dir='ltr'>sed</span> <span class='ocrx_word' id='word_1_61' title='bbox 939 770 1106 820; x_wconf 90' lang='lat' dir='ltr'>etiam</span> <span class='ocrx_word' id='word_1_62' title='bbox 1140 776 1224 820; x_wconf 92' lang='lat' dir='ltr'>est</span> <span class='ocrx_word' id='word_1_63' title='bbox 1259 772 1521 821; x_wconf 87' lang='lat' dir='ltr'>transitus</span> <span class='ocrx_word' id='word_1_64' title='bbox 1557 771 1908 828; x_wconf 87' lang='lat' dir='ltr'>cibariorum;</span> 
     </span>
     <span class='ocr_line' id='line_1_15' title="bbox 230 842 1909 906; baseline 0.001 -14"><span class='ocrx_word' id='word_1_65' title='bbox 230 842 591 893; x_wconf 79' lang='lat' dir='ltr'>confractioni</span> <span class='ocrx_word' id='word_1_66' title='bbox 619 857 856 906; x_wconf 92' lang='lat' dir='ltr'>namque</span> <span class='ocrx_word' id='word_1_67' title='bbox 890 845 1122 894; x_wconf 90' lang='lat' dir='ltr'>accurrit</span> <span class='ocrx_word' id='word_1_68' title='bbox 1151 850 1206 894; x_wconf 92' lang='lat' dir='ltr'>et</span> <span class='ocrx_word' id='word_1_69' title='bbox 1239 844 1463 895; x_wconf 89' lang='lat' dir='ltr'>attrahit</span> <span class='ocrx_word' id='word_1_70' title='bbox 1495 858 1677 894; x_wconf 91' lang='lat' dir='ltr'>escam</span> <span class='ocrx_word' id='word_1_71' title='bbox 1708 847 1909 896; x_wconf 89' lang='lat' dir='ltr'>ventri-</span> 
     </span>
     <span class='ocr_line' id='line_1_16' title="bbox 231 917 1980 981; baseline 0.001 -16"><span class='ocrx_word' id='word_1_72' title='bbox 231 931 335 979; x_wconf 91' lang='lat' dir='ltr'>que</span> <span class='ocrx_word' id='word_1_73' title='bbox 372 917 614 968; x_wconf 92' lang='lat' dir='ltr'>mandat.</span> <span class='ocrx_word' id='word_1_74' title='bbox 666 917 869 969; x_wconf 92' lang='lat' dir='ltr'>Venter</span> <span class='ocrx_word' id='word_1_75' title='bbox 908 924 1091 968; x_wconf 89' lang='lat' dir='ltr'>autem</span> <span class='ocrx_word' id='word_1_76' title='bbox 1133 920 1407 981; x_wconf 90' lang='lat' dir='ltr'>accipiens</span> <span class='ocrx_word' id='word_1_77' title='bbox 1448 925 1668 981; x_wconf 90' lang='lat' dir='ltr'>separat</span> <span class='ocrx_word' id='word_1_78' title='bbox 1707 919 1840 970; x_wconf 91' lang='lat' dir='ltr'>utile</span> <span class='ocrx_word' id='word_1_79' title='bbox 1876 933 1908 969; x_wconf 94' lang='lat' dir='ltr'>a</span> <span class='ocrx_word' id='word_1_80' title='bbox 1939 932 1980 967; x_wconf 86' lang='lat'>10</span> 
     </span>
     <span class='ocr_line' id='line_1_17' title="bbox 230 991 1906 1056; baseline 0.002 -16"><span class='ocrx_word' id='word_1_81' title='bbox 230 991 487 1054; x_wconf 89' lang='lat' dir='ltr'>lapidoso</span> <span class='ocrx_word' id='word_1_82' title='bbox 526 998 579 1042; x_wconf 94' lang='lat' dir='ltr'>et</span> <span class='ocrx_word' id='word_1_83' title='bbox 621 992 840 1054; x_wconf 91' lang='lat' dir='ltr'>lignoso</span> <span class='ocrx_word' id='word_1_84' title='bbox 881 998 935 1043; x_wconf 92' lang='lat' dir='ltr'>et</span> <span class='ocrx_word' id='word_1_85' title='bbox 974 1006 1084 1042; x_wconf 92' lang='lat' dir='ltr'>non</span> <span class='ocrx_word' id='word_1_86' title='bbox 1123 994 1384 1043; x_wconf 88' lang='lat' dir='ltr'>nutrienti</span> <span class='ocrx_word' id='word_1_87' title='bbox 1423 999 1478 1043; x_wconf 93' lang='lat' dir='ltr'>et</span> <span class='ocrx_word' id='word_1_88' title='bbox 1516 993 1648 1043; x_wconf 92' lang='lat' dir='ltr'>utile</span> <span class='ocrx_word' id='word_1_89' title='bbox 1685 993 1906 1056; x_wconf 91' lang='lat' dir='ltr'>quidem</span> 
     </span>
     <span class='ocr_line' id='line_1_18' title="bbox 228 1066 1908 1129; baseline 0.001 -14"><span class='ocrx_word' id='word_1_90' title='bbox 228 1067 283 1115; x_wconf 92' lang='lat' dir='ltr'>in</span> <span class='ocrx_word' id='word_1_91' title='bbox 310 1066 571 1116; x_wconf 91' lang='lat' dir='ltr'>humores</span> <span class='ocrx_word' id='word_1_92' title='bbox 604 1072 924 1129; x_wconf 89' lang='lat' dir='ltr'>permutans</span> <span class='ocrx_word' id='word_1_93' title='bbox 957 1067 1227 1118; x_wconf 91' lang='lat' dir='ltr'>submittit</span> <span class='ocrx_word' id='word_1_94' title='bbox 1258 1067 1444 1129; x_wconf 90' lang='lat' dir='ltr'>hepati</span> <span class='ocrx_word' id='word_1_95' title='bbox 1477 1081 1573 1129; x_wconf 89' lang='lat' dir='ltr'>per</span> <span class='ocrx_word' id='word_1_96' title='bbox 1602 1081 1774 1118; x_wconf 90' lang='lat' dir='ltr'>venas</span> <span class='ocrx_word' id='word_1_97' title='bbox 1802 1073 1908 1118; x_wconf 92' lang='lat' dir='ltr'>tra-</span> 
     </span>
     <span class='ocr_line' id='line_1_19' title="bbox 228 1140 1908 1203; baseline 0.001 -14"><span class='ocrx_word' id='word_1_98' title='bbox 228 1141 422 1190; x_wconf 88' lang='lat' dir='ltr'>hentes</span> <span class='ocrx_word' id='word_1_99' title='bbox 464 1140 533 1190; x_wconf 91' lang='lat' dir='ltr'>ab</span> <span class='ocrx_word' id='word_1_100' title='bbox 578 1141 701 1203; x_wconf 88' lang='lat' dir='ltr'>ipso</span> <span class='ocrx_word' id='word_1_101' title='bbox 746 1146 1139 1203; x_wconf 87' lang='lat' dir='ltr'>portantesque</span> <span class='ocrx_word' id='word_1_102' title='bbox 1183 1141 1254 1191; x_wconf 91' lang='lat' dir='ltr'>ad</span> <span class='ocrx_word' id='word_1_103' title='bbox 1297 1141 1484 1202; x_wconf 91' lang='lat' dir='ltr'>hepar,</span> <span class='ocrx_word' id='word_1_104' title='bbox 1544 1155 1684 1203; x_wconf 92' lang='lat' dir='ltr'>quae</span> <span class='ocrx_word' id='word_1_105' title='bbox 1734 1155 1908 1191; x_wconf 91' lang='lat' dir='ltr'>venae</span> 
     </span>
     <span class='ocr_line' id='line_1_20' title="bbox 231 1213 1909 1277; baseline 0.001 -14"><span class='ocrx_word' id='word_1_106' title='bbox 231 1213 508 1264; x_wconf 88' lang='lat' dir='ltr'>radicibus</span> <span class='ocrx_word' id='word_1_107' title='bbox 551 1214 930 1265; x_wconf 90' lang='lat' dir='ltr'>assimilantur</span> <span class='ocrx_word' id='word_1_108' title='bbox 971 1215 1188 1277; x_wconf 91' lang='lat' dir='ltr'>hepatis</span> <span class='ocrx_word' id='word_1_109' title='bbox 1248 1215 1589 1265; x_wconf 89' lang='lat' dir='ltr'>trahentibus</span> <span class='ocrx_word' id='word_1_110' title='bbox 1634 1229 1667 1264; x_wconf 93' lang='lat' dir='ltr'>a</span> <span class='ocrx_word' id='word_1_111' title='bbox 1720 1221 1909 1265; x_wconf 92' lang='lat' dir='ltr'>ventre</span> 
     </span>
     <span class='ocr_line' id='line_1_21' title="bbox 228 1289 1980 1351; baseline -0.001 -14"><span class='ocrx_word' id='word_1_112' title='bbox 228 1289 639 1347; x_wconf 86' lang='lat' dir='ltr'>nutrimentum,</span> <span class='ocrx_word' id='word_1_113' title='bbox 673 1295 732 1339; x_wconf 92' lang='lat' dir='ltr'>ut</span> <span class='ocrx_word' id='word_1_114' title='bbox 769 1289 1049 1339; x_wconf 91' lang='lat' dir='ltr'>attrahunt</span> <span class='ocrx_word' id='word_1_115' title='bbox 1084 1302 1117 1338; x_wconf 91' lang='lat' dir='ltr'>a</span> <span class='ocrx_word' id='word_1_116' title='bbox 1153 1295 1297 1339; x_wconf 89' lang='lat' dir='ltr'>terra</span> <span class='ocrx_word' id='word_1_117' title='bbox 1332 1289 1545 1339; x_wconf 88' lang='lat' dir='ltr'>radices</span> <span class='ocrx_word' id='word_1_118' title='bbox 1582 1289 1908 1351; x_wconf 90' lang='lat' dir='ltr'>plantarum.</span> <span class='ocrx_word' id='word_1_119' title='bbox 1939 1302 1980 1336; x_wconf 88' lang='lat'>15</span> 
     </span>
     <span class='ocr_line' id='line_1_22' title="bbox 228 1358 1910 1426; baseline 0 -14"><span class='ocrx_word' id='word_1_120' title='bbox 228 1363 582 1413; x_wconf 88' lang='lat' dir='ltr'>Assimilatur</span> <span class='ocrx_word' id='word_1_121' title='bbox 609 1377 848 1426; x_wconf 90' lang='lat' dir='ltr'>namque</span> <span class='ocrx_word' id='word_1_122' title='bbox 881 1370 1072 1414; x_wconf 90' lang='lat' dir='ltr'>venter</span> <span class='ocrx_word' id='word_1_123' title='bbox 1105 1370 1279 1414; x_wconf 92' lang='lat' dir='ltr'>terrae</span> <span class='ocrx_word' id='word_1_124' title='bbox 1315 1363 1580 1414; x_wconf 92' lang='lat' dir='ltr'>obtinenti</span> <span class='ocrx_word' id='word_1_125' title='bbox 1613 1358 1910 1414; x_wconf 91' lang='lat' dir='ltr'>nutrimen-</span> 
     </span>
     <span class='ocr_line' id='line_1_23' title="bbox 229 1437 1908 1500; baseline 0 -12"><span class='ocrx_word' id='word_1_126' title='bbox 229 1443 345 1488; x_wconf 89' lang='lat' dir='ltr'>tum</span> <span class='ocrx_word' id='word_1_127' title='bbox 385 1437 614 1500; x_wconf 89' lang='lat' dir='ltr'>plantis;</span> <span class='ocrx_word' id='word_1_128' title='bbox 656 1437 933 1487; x_wconf 90' lang='lat' dir='ltr'>radicibus</span> <span class='ocrx_word' id='word_1_129' title='bbox 973 1444 1157 1488; x_wconf 90' lang='lat' dir='ltr'>autem</span> <span class='ocrx_word' id='word_1_130' title='bbox 1197 1451 1387 1495; x_wconf 88' lang='lat' dir='ltr'>venae,</span> <span class='ocrx_word' id='word_1_131' title='bbox 1430 1451 1570 1500; x_wconf 90' lang='lat' dir='ltr'>quae</span> <span class='ocrx_word' id='word_1_132' title='bbox 1610 1437 1681 1487; x_wconf 92' lang='lat' dir='ltr'>ad</span> <span class='ocrx_word' id='word_1_133' title='bbox 1720 1443 1908 1500; x_wconf 89' lang='lat' dir='ltr'>portas</span> 
     </span>
     <span class='ocr_line' id='line_1_24' title="bbox 229 1511 1907 1575; baseline -0.001 -13"><span class='ocrx_word' id='word_1_134' title='bbox 229 1518 281 1562; x_wconf 93' lang='lat' dir='ltr'>et</span> <span class='ocrx_word' id='word_1_135' title='bbox 307 1513 446 1562; x_wconf 93' lang='lat' dir='ltr'>sima</span> <span class='ocrx_word' id='word_1_136' title='bbox 474 1512 691 1575; x_wconf 88' lang='lat' dir='ltr'>hepatis</span> <span class='ocrx_word' id='word_1_137' title='bbox 721 1511 939 1562; x_wconf 91' lang='lat' dir='ltr'>elevant</span> <span class='ocrx_word' id='word_1_138' title='bbox 967 1512 1254 1562; x_wconf 92' lang='lat' dir='ltr'>humorem</span> <span class='ocrx_word' id='word_1_139' title='bbox 1284 1526 1317 1561; x_wconf 91' lang='lat' dir='ltr'>a</span> <span class='ocrx_word' id='word_1_140' title='bbox 1344 1518 1533 1562; x_wconf 91' lang='lat' dir='ltr'>ventre</span> <span class='ocrx_word' id='word_1_141' title='bbox 1558 1518 1612 1562; x_wconf 92' lang='lat' dir='ltr'>et</span> <span class='ocrx_word' id='word_1_142' title='bbox 1635 1512 1907 1562; x_wconf 88' lang='lat' dir='ltr'>intestinis</span> 
     </span>
     <span class='ocr_line' id='line_1_25' title="bbox 229 1586 1910 1652; baseline 0.001 -16"><span class='ocrx_word' id='word_1_143' title='bbox 229 1600 327 1649; x_wconf 90' lang='lat' dir='ltr'>per</span> <span class='ocrx_word' id='word_1_144' title='bbox 367 1586 692 1644; x_wconf 90' lang='lat' dir='ltr'>mediantia;</span> <span class='ocrx_word' id='word_1_145' title='bbox 738 1588 909 1649; x_wconf 91' lang='lat' dir='ltr'>stipiti</span> <span class='ocrx_word' id='word_1_146' title='bbox 955 1593 1138 1637; x_wconf 90' lang='lat' dir='ltr'>autem</span> <span class='ocrx_word' id='word_1_147' title='bbox 1183 1588 1365 1649; x_wconf 90' lang='lat' dir='ltr'>ipsum</span> <span class='ocrx_word' id='word_1_148' title='bbox 1425 1590 1594 1652; x_wconf 91' lang='lat' dir='ltr'>hepar</span> <span class='ocrx_word' id='word_1_149' title='bbox 1648 1588 1910 1639; x_wconf 91' lang='lat' dir='ltr'>assimila-</span> 
     </span>
     <span class='ocr_line' id='line_1_26' title="bbox 229 1659 1979 1717; baseline -0.002 -6"><span class='ocrx_word' id='word_1_150' title='bbox 229 1667 339 1717; x_wconf 88' lang='lat' dir='ltr'>tur;</span> <span class='ocrx_word' id='word_1_151' title='bbox 363 1661 530 1710; x_wconf 89' lang='lat' dir='ltr'>ramis</span> <span class='ocrx_word' id='word_1_152' title='bbox 556 1674 689 1710; x_wconf 90' lang='lat' dir='ltr'>vero</span> <span class='ocrx_word' id='word_1_153' title='bbox 715 1667 771 1711; x_wconf 89' lang='lat' dir='ltr'>et</span> <span class='ocrx_word' id='word_1_154' title='bbox 800 1661 953 1710; x_wconf 90' lang='lat' dir='ltr'>cimis</span> <span class='ocrx_word' id='word_1_155' title='bbox 981 1673 1154 1710; x_wconf 90' lang='lat' dir='ltr'>venae</span> <span class='ocrx_word' id='word_1_156' title='bbox 1184 1659 1394 1710; x_wconf 91' lang='lat' dir='ltr'>divisae</span> <span class='ocrx_word' id='word_1_157' title='bbox 1420 1659 1507 1709; x_wconf 95' lang='lat' dir='ltr'>cili</span> <span class='ocrx_word' id='word_1_158' title='bbox 1530 1673 1671 1710; x_wconf 92' lang='lat' dir='ltr'>vena</span> <span class='ocrx_word' id='word_1_159' title='bbox 1699 1659 1907 1710; x_wconf 92' lang='lat' dir='ltr'>oriente</span> <span class='ocrx_word' id='word_1_160' title='bbox 1934 1672 1979 1708; x_wconf 81' lang='lat'>20</span> 
     </span>
     <span class='ocr_line' id='line_1_27' title="bbox 230 1734 1908 1799; baseline -0.001 -15"><span class='ocrx_word' id='word_1_161' title='bbox 230 1749 262 1784; x_wconf 91' lang='lat' dir='ltr'>a</span> <span class='ocrx_word' id='word_1_162' title='bbox 298 1736 463 1799; x_wconf 88' lang='lat' dir='ltr'>cyrtis</span> <span class='ocrx_word' id='word_1_163' title='bbox 501 1735 607 1786; x_wconf 94' lang='lat' dir='ltr'>hoc</span> <span class='ocrx_word' id='word_1_164' title='bbox 643 1741 726 1785; x_wconf 93' lang='lat' dir='ltr'>est</span> <span class='ocrx_word' id='word_1_165' title='bbox 763 1748 796 1784; x_wconf 92' lang='lat' dir='ltr'>a</span> <span class='ocrx_word' id='word_1_166' title='bbox 832 1734 1014 1797; x_wconf 86' lang='lat' dir='ltr'>gibbis</span> <span class='ocrx_word' id='word_1_167' title='bbox 1051 1734 1283 1796; x_wconf 80' lang='lat' dir='ltr'>hepatis,</span> <span class='ocrx_word' id='word_1_168' title='bbox 1331 1734 1515 1795; x_wconf 89' lang='lat' dir='ltr'>Hepar</span> <span class='ocrx_word' id='word_1_169' title='bbox 1547 1734 1733 1796; x_wconf 91' lang='lat' dir='ltr'>itaque</span> <span class='ocrx_word' id='word_1_170' title='bbox 1771 1734 1908 1783; x_wconf 91' lang='lat' dir='ltr'>acci-</span> 
     </span>
     <span class='ocr_line' id='line_1_28' title="bbox 229 1807 1907 1871; baseline -0.001 -13"><span class='ocrx_word' id='word_1_171' title='bbox 229 1810 386 1871; x_wconf 90' lang='lat' dir='ltr'>piens</span> <span class='ocrx_word' id='word_1_172' title='bbox 410 1824 442 1859; x_wconf 92' lang='lat' dir='ltr'>a</span> <span class='ocrx_word' id='word_1_173' title='bbox 469 1814 660 1859; x_wconf 91' lang='lat' dir='ltr'>ventre</span> <span class='ocrx_word' id='word_1_174' title='bbox 688 1809 974 1858; x_wconf 89' lang='lat' dir='ltr'>humorem</span> <span class='ocrx_word' id='word_1_175' title='bbox 1005 1808 1219 1859; x_wconf 92' lang='lat' dir='ltr'>imbibit</span> <span class='ocrx_word' id='word_1_176' title='bbox 1247 1808 1401 1857; x_wconf 92' lang='lat' dir='ltr'>illum</span> <span class='ocrx_word' id='word_1_177' title='bbox 1430 1814 1483 1858; x_wconf 91' lang='lat' dir='ltr'>et</span> <span class='ocrx_word' id='word_1_178' title='bbox 1509 1807 1612 1857; x_wconf 90' lang='lat' dir='ltr'>sibi</span> <span class='ocrx_word' id='word_1_179' title='bbox 1636 1808 1742 1869; x_wconf 88' lang='lat' dir='ltr'>ipsi</span> <span class='ocrx_word' id='word_1_180' title='bbox 1772 1808 1907 1857; x_wconf 89' lang='lat' dir='ltr'>assi-</span> 
     </span>
     <span class='ocr_line' id='line_1_29' title="bbox 229 1882 1908 1945; baseline -0.001 -13"><span class='ocrx_word' id='word_1_181' title='bbox 229 1883 398 1934; x_wconf 87' lang='lat' dir='ltr'>milat.</span> <span class='ocrx_word' id='word_1_182' title='bbox 450 1883 591 1933; x_wconf 92' lang='lat' dir='ltr'>Nam</span> <span class='ocrx_word' id='word_1_183' title='bbox 635 1883 969 1933; x_wconf 90' lang='lat' dir='ltr'>simillimam</span> <span class='ocrx_word' id='word_1_184' title='bbox 1009 1882 1219 1933; x_wconf 92' lang='lat' dir='ltr'>habens</span> <span class='ocrx_word' id='word_1_185' title='bbox 1262 1883 1517 1945; x_wconf 87' lang='lat' dir='ltr'>sanguini</span> <span class='ocrx_word' id='word_1_186' title='bbox 1560 1895 1776 1932; x_wconf 84' lang='lat' dir='ltr'>carnem</span> <span class='ocrx_word' id='word_1_187' title='bbox 1816 1895 1908 1932; x_wconf 92' lang='lat' dir='ltr'>ne-</span> 
     </span>
     <span class='ocr_line' id='line_1_30' title="bbox 230 1955 1906 2020; baseline -0.002 -12"><span class='ocrx_word' id='word_1_188' title='bbox 230 1958 469 2008; x_wconf 89' lang='lat' dir='ltr'>cessario</span> <span class='ocrx_word' id='word_1_189' title='bbox 499 1959 553 2007; x_wconf 93' lang='lat' dir='ltr'>in</span> <span class='ocrx_word' id='word_1_190' title='bbox 590 1958 915 2020; x_wconf 89' lang='lat' dir='ltr'>sanguinem</span> <span class='ocrx_word' id='word_1_191' title='bbox 947 1963 1124 2007; x_wconf 91' lang='lat' dir='ltr'>mutat</span> <span class='ocrx_word' id='word_1_192' title='bbox 1156 1957 1459 2006; x_wconf 91' lang='lat' dir='ltr'>humorem.</span> <span class='ocrx_word' id='word_1_193' title='bbox 1505 1955 1742 2018; x_wconf 87' lang='lat' dir='ltr'>Sanguis</span> <span class='ocrx_word' id='word_1_194' title='bbox 1774 1969 1906 2006; x_wconf 90' lang='lat' dir='ltr'>vero</span> 
     </span>
     <span class='ocr_line' id='line_1_31' title="bbox 229 2029 1977 2095; baseline -0.003 -13"><span class='ocrx_word' id='word_1_195' title='bbox 229 2031 557 2095; x_wconf 82' lang='lat' dir='ltr'>purificatur</span> <span class='ocrx_word' id='word_1_196' title='bbox 584 2046 617 2082; x_wconf 91' lang='lat' dir='ltr'>a</span> <span class='ocrx_word' id='word_1_197' title='bbox 652 2031 842 2094; x_wconf 92' lang='lat' dir='ltr'>splene</span> <span class='ocrx_word' id='word_1_198' title='bbox 877 2037 930 2082; x_wconf 92' lang='lat' dir='ltr'>et</span> <span class='ocrx_word' id='word_1_199' title='bbox 963 2045 996 2081; x_wconf 92' lang='lat' dir='ltr'>a</span> <span class='ocrx_word' id='word_1_200' title='bbox 1028 2032 1228 2089; x_wconf 91' lang='lat' dir='ltr'>vesica,</span> <span class='ocrx_word' id='word_1_201' title='bbox 1265 2044 1404 2093; x_wconf 91' lang='lat' dir='ltr'>quae</span> <span class='ocrx_word' id='word_1_202' title='bbox 1436 2037 1519 2081; x_wconf 94' lang='lat' dir='ltr'>est</span> <span class='ocrx_word' id='word_1_203' title='bbox 1548 2029 1695 2080; x_wconf 82' lang='lat' dir='ltr'>fellis</span> <span class='ocrx_word' id='word_1_204' title='bbox 1731 2029 1905 2080; x_wconf 85' lang='lat' dir='ltr'>dorni-</span> <span class='ocrx_word' id='word_1_205' title='bbox 1932 2043 1977 2077; x_wconf 65' lang='lat' dir='ltr'><em>z</em></span> 
     </span>
     <span class='ocr_line' id='line_1_32' title="bbox 229 2101 1980 2168; baseline -0.002 -12"><span class='ocrx_word' id='word_1_206' title='bbox 229 2106 427 2165; x_wconf 93' lang='lat' dir='ltr'>cilium,</span> <span class='ocrx_word' id='word_1_207' title='bbox 462 2113 515 2157; x_wconf 93' lang='lat' dir='ltr'>et</span> <span class='ocrx_word' id='word_1_208' title='bbox 553 2121 585 2156; x_wconf 91' lang='lat' dir='ltr'>a</span> <span class='ocrx_word' id='word_1_209' title='bbox 621 2101 867 2156; x_wconf 84' lang='lat' dir='ltr'>renibus:</span> <span class='ocrx_word' id='word_1_210' title='bbox 906 2120 938 2155; x_wconf 92' lang='lat' dir='ltr'>a</span> <span class='ocrx_word' id='word_1_211' title='bbox 975 2105 1165 2168; x_wconf 91' lang='lat' dir='ltr'>splene</span> <span class='ocrx_word' id='word_1_212' title='bbox 1203 2105 1424 2168; x_wconf 93' lang='lat' dir='ltr'>quidem</span> <span class='ocrx_word' id='word_1_213' title='bbox 1458 2104 1721 2161; x_wconf 89' lang='lat' dir='ltr'>trahente,</span> <span class='ocrx_word' id='word_1_214' title='bbox 1756 2103 1904 2166; x_wconf 90' lang='lat' dir='ltr'>quod</span> <span class='ocrx_word' id='word_1_215' title='bbox 1977 2149 1980 2152; x_wconf 24' lang='lat'><strong>⁴</strong></span> 
     </span>
     <span class='ocr_line' id='line_1_33' title="bbox 227 2177 1905 2242; baseline -0.002 -11"><span class='ocrx_word' id='word_1_216' title='bbox 227 2187 310 2232; x_wconf 91' lang='lat' dir='ltr'>est</span> <span class='ocrx_word' id='word_1_217' title='bbox 354 2181 742 2238; x_wconf 81' lang='lat' dir='ltr'>faeculentum,</span> <span class='ocrx_word' id='word_1_218' title='bbox 789 2180 1001 2242; x_wconf 90' lang='lat' dir='ltr'>sibique</span> <span class='ocrx_word' id='word_1_219' title='bbox 1046 2180 1330 2242; x_wconf 92' lang='lat' dir='ltr'>proprium</span> <span class='ocrx_word' id='word_1_220' title='bbox 1375 2179 1767 2229; x_wconf 90' lang='lat' dir='ltr'>nutrimentum</span> <span class='ocrx_word' id='word_1_221' title='bbox 1823 2177 1905 2228; x_wconf 84' lang='lat' dir='ltr'>fa-</span> 
     </span>
     <span class='ocr_line' id='line_1_34' title="bbox 229 2252 1906 2315; baseline -0.002 -10"><span class='ocrx_word' id='word_1_222' title='bbox 229 2257 426 2312; x_wconf 90' lang='lat' dir='ltr'>ciente;</span> <span class='ocrx_word' id='word_1_223' title='bbox 463 2269 496 2305; x_wconf 91' lang='lat' dir='ltr'>a</span> <span class='ocrx_word' id='word_1_224' title='bbox 537 2254 816 2305; x_wconf 93' lang='lat' dir='ltr'>domicilio</span> <span class='ocrx_word' id='word_1_225' title='bbox 853 2267 987 2304; x_wconf 90' lang='lat' dir='ltr'>vero</span> <span class='ocrx_word' id='word_1_226' title='bbox 1028 2253 1175 2304; x_wconf 80' lang='lat' dir='ltr'>fellis</span> <span class='ocrx_word' id='word_1_227' title='bbox 1214 2266 1416 2311; x_wconf 88' lang='lat' dir='ltr'>acrum,</span> <span class='ocrx_word' id='word_1_228' title='bbox 1457 2252 1606 2315; x_wconf 92' lang='lat' dir='ltr'>quod</span> <span class='ocrx_word' id='word_1_229' title='bbox 1642 2252 1906 2302; x_wconf 88' lang='lat' dir='ltr'>remansit</span> 
     </span>
    </p>
   </div>
   <div class='ocr_carea' id='block_1_8' title="bbox 224 2373 1914 2722">
    <p class='ocr_par' dir='ltr' id='par_1_8' title="bbox 224 2373 1914 2544">
     <span class='ocr_line' id='line_1_35' title="bbox 302 2373 1909 2424; baseline -0.002 -8"><span class='ocrx_word' id='word_1_230' title='bbox 302 2378 319 2416; x_wconf 94' lang='lat'>1</span> <span class='ocrx_word' id='word_1_231' title='bbox 359 2377 570 2416; x_wconf 89' lang='lat' dir='ltr'>minuens</span> <span class='ocrx_word' id='word_1_232' title='bbox 602 2377 637 2416; x_wconf 88' lang='lat' dir='ltr'><strong><em>A</em></strong></span> <span class='ocrx_word' id='word_1_233' title='bbox 678 2373 881 2416; x_wconf 62' lang='lat' dir='ltr'>{mutans</span> <span class='ocrx_word' id='word_1_234' title='bbox 916 2375 953 2416; x_wconf 93' lang='lat' dir='ltr'><strong><em>C</em></strong></span> <span class='ocrx_word' id='word_1_235' title='bbox 1098 2375 1123 2414; x_wconf 86' lang='lat'><strong>2</strong></span> <span class='ocrx_word' id='word_1_236' title='bbox 1158 2378 1357 2424; x_wconf 89' lang='lat' dir='ltr'>praestat</span> <span class='ocrx_word' id='word_1_237' title='bbox 1388 2386 1476 2414; x_wconf 89' lang='lat' dir='ltr'>om.</span> <span class='ocrx_word' id='word_1_238' title='bbox 1507 2375 1545 2413; x_wconf 99' lang='grc' dir='ltr'><em>Β</em></span> <span class='ocrx_word' id='word_1_239' title='bbox 1694 2373 1720 2412; x_wconf 88' lang='grc'>3</span> <span class='ocrx_word' id='word_1_240' title='bbox 1755 2373 1909 2412; x_wconf 87' lang='lat' dir='ltr'>coadi-</span> 
     </span>
     <span class='ocr_line' id='line_1_36' title="bbox 226 2431 1910 2488; baseline -0.003 -13"><span class='ocrx_word' id='word_1_241' title='bbox 226 2446 355 2475; x_wconf 89' lang='lat' dir='ltr'>mans</span> <span class='ocrx_word' id='word_1_242' title='bbox 387 2436 424 2476; x_wconf 92' lang='grc' dir='ltr'><em>Β</em></span> <span class='ocrx_word' id='word_1_243' title='bbox 531 2435 557 2474; x_wconf 90' lang='lat'>4</span> <span class='ocrx_word' id='word_1_244' title='bbox 591 2435 952 2476; x_wconf 90' lang='lat' dir='ltr'>molendinariae</span> <span class='ocrx_word' id='word_1_245' title='bbox 983 2434 1070 2483; x_wconf 85' lang='lat' dir='ltr'>Ho,</span> <span class='ocrx_word' id='word_1_246' title='bbox 1104 2436 1180 2475; x_wconf 77' lang='lat' dir='ltr'>uix</span> <span class='ocrx_word' id='word_1_247' title='bbox 1211 2435 1332 2474; x_wconf 84' lang='lat' dir='ltr'>recte</span> <span class='ocrx_word' id='word_1_248' title='bbox 1394 2433 1523 2472; x_wconf 89' lang='lat' dir='ltr'>malis</span> <span class='ocrx_word' id='word_1_249' title='bbox 1555 2432 1593 2472; x_wconf 87' lang='lat' dir='ltr'><strong><em>B</em></strong></span> <span class='ocrx_word' id='word_1_250' title='bbox 1690 2431 1715 2470; x_wconf 92' lang='lat'><strong>5</strong></span> <span class='ocrx_word' id='word_1_251' title='bbox 1749 2442 1910 2488; x_wconf 87' lang='lat' dir='ltr'>manus</span> 
     </span>
     <span class='ocr_line' id='line_1_37' title="bbox 224 2487 1914 2544; baseline -0.003 -10"><span class='ocrx_word' id='word_1_252' title='bbox 224 2498 293 2534; x_wconf 91' lang='lat' dir='ltr'>est</span> <span class='ocrx_word' id='word_1_253' title='bbox 326 2497 508 2544; x_wconf 73' lang='lat' dir='ltr'>transl).</span> <span class='ocrx_word' id='word_1_254' title='bbox 533 2494 567 2535; x_wconf 98' lang='lat' dir='ltr'><em>A</em></span> <span class='ocrx_word' id='word_1_255' title='bbox 692 2495 718 2534; x_wconf 87' lang='grc'>9</span> <span class='ocrx_word' id='word_1_256' title='bbox 751 2494 1063 2534; x_wconf 88' lang='lat' dir='ltr'>constrictioni</span> <span class='ocrx_word' id='word_1_257' title='bbox 1088 2494 1122 2534; x_wconf 88' lang='lat' dir='ltr'><strong><em>A</em></strong></span> <span class='ocrx_word' id='word_1_258' title='bbox 1186 2493 1375 2533; x_wconf 89' lang='lat' dir='ltr'>accurrit</span> <span class='ocrx_word' id='word_1_259' title='bbox 1407 2488 1454 2541; x_wconf 91' lang='lat' dir='ltr'>(a</span> <span class='ocrx_word' id='word_1_260' title='bbox 1476 2502 1539 2531; x_wconf 80' lang='lat' dir='ltr'>ex</span> <span class='ocrx_word' id='word_1_261' title='bbox 1570 2500 1598 2530; x_wconf 94' lang='lat' dir='ltr'>o</span> <span class='ocrx_word' id='word_1_262' title='bbox 1630 2501 1688 2530; x_wconf 90' lang='lat' dir='ltr'>m.</span> <span class='ocrx_word' id='word_1_263' title='bbox 1715 2487 1842 2540; x_wconf 87' lang='lat'><em>1.—2)</em></span> <span class='ocrx_word' id='word_1_264' title='bbox 1874 2490 1914 2530; x_wconf 89' lang='grc' dir='ltr'><em>Ρ</em></span> 
     </span>
    </p>

    <p class='ocr_par' dir='ltr' id='par_1_9' title="bbox 224 2549 1908 2653">
     <span class='ocr_line' id='line_1_38' title="bbox 286 2549 1853 2604; baseline -0.002 -11"><span class='ocrx_word' id='word_1_265' title='bbox 286 2553 339 2593; x_wconf 91' lang='grc'>10</span> <span class='ocrx_word' id='word_1_266' title='bbox 370 2556 483 2604; x_wconf 84' lang='lat' dir='ltr'>post</span> <span class='ocrx_word' id='word_1_267' title='bbox 514 2554 624 2594; x_wconf 90' lang='lat' dir='ltr'>utile</span> <span class='ocrx_word' id='word_1_268' title='bbox 656 2555 700 2595; x_wconf 88' lang='lat' dir='ltr'>d.</span> <span class='ocrx_word' id='word_1_269' title='bbox 735 2555 764 2594; x_wconf 89' lang='grc' dir='ltr'>ἰ.</span> <span class='ocrx_word' id='word_1_270' title='bbox 798 2565 838 2594; x_wconf 89' lang='grc' dir='ltr'>υ.</span> <span class='ocrx_word' id='word_1_271' title='bbox 872 2550 946 2591; x_wconf 82' lang='grc' dir='ltr'>καὶ</span> <span class='ocrx_word' id='word_1_272' title='bbox 977 2549 1032 2591; x_wconf 88' lang='grc' dir='ltr'>τὸ</span> <span class='ocrx_word' id='word_1_273' title='bbox 1064 2549 1295 2602; x_wconf 82' lang='grc' dir='ltr'>τρόφιμον</span> <span class='ocrx_word' id='word_1_274' title='bbox 1472 2549 1520 2590; x_wconf 89' lang='grc'>11</span> <span class='ocrx_word' id='word_1_275' title='bbox 1558 2549 1784 2590; x_wconf 87' lang='lat' dir='ltr'>nutriente</span> <span class='ocrx_word' id='word_1_276' title='bbox 1814 2549 1853 2590; x_wconf 92' lang='grc' dir='ltr'><em>Β</em></span> 
     </span>
     <span class='ocr_line' id='line_1_39' title="bbox 224 2608 1908 2653; baseline -0.002 -1"><span class='ocrx_word' id='word_1_277' title='bbox 224 2614 286 2652; x_wconf 85' lang='lat' dir='ltr'>uti</span> <span class='ocrx_word' id='word_1_278' title='bbox 319 2613 354 2653; x_wconf 88' lang='lat' dir='ltr'><em>A</em></span> <span class='ocrx_word' id='word_1_279' title='bbox 540 2613 593 2653; x_wconf 89' lang='grc'>12</span> <span class='ocrx_word' id='word_1_280' title='bbox 626 2613 919 2653; x_wconf 87' lang='lat' dir='ltr'>adtrahentes</span> <span class='ocrx_word' id='word_1_281' title='bbox 950 2612 988 2652; x_wconf 89' lang='grc' dir='ltr'><em>Β</em></span> <span class='ocrx_word' id='word_1_282' title='bbox 1170 2611 1223 2651; x_wconf 89' lang='grc'>18</span> <span class='ocrx_word' id='word_1_283' title='bbox 1263 2621 1440 2652; x_wconf 86' lang='lat' dir='ltr'>summa</span> <span class='ocrx_word' id='word_1_284' title='bbox 1470 2609 1505 2650; x_wconf 87' lang='lat' dir='ltr'><em>A</em></span> <span class='ocrx_word' id='word_1_285' title='bbox 1628 2608 1842 2649; x_wconf 89' lang='lat' dir='ltr'>humores</span> <span class='ocrx_word' id='word_1_286' title='bbox 1873 2608 1908 2649; x_wconf 75' lang='lat' dir='ltr'><em>A</em></span> 
     </span>
    </p>

    <p class='ocr_par' dir='ltr' id='par_1_10' title="bbox 284 2667 1909 2722">
     <span class='ocr_line' id='line_1_40' title="bbox 284 2667 1909 2722; baseline -0.002 -11"><span class='ocrx_word' id='word_1_287' title='bbox 284 2671 339 2711; x_wconf 90' lang='grc'>20</span> <span class='ocrx_word' id='word_1_288' title='bbox 373 2672 445 2712; x_wconf 88' lang='lat' dir='ltr'>cili</span> <span class='ocrx_word' id='word_1_289' title='bbox 478 2672 524 2712; x_wconf 91' lang='lat' dir='ltr'><strong>M</strong></span> <span class='ocrx_word' id='word_1_290' title='bbox 557 2667 753 2721; x_wconf 72' lang='grc' dir='ltr'>(κοίλης,</span> <span class='ocrx_word' id='word_1_291' title='bbox 796 2672 852 2722; x_wconf 83' lang='lat' dir='ltr'>cf.</span> <span class='ocrx_word' id='word_1_292' title='bbox 885 2671 974 2711; x_wconf 87' lang='lat' dir='ltr'>kile</span> <span class='ocrx_word' id='word_1_293' title='bbox 1009 2672 1143 2712; x_wconf 85' lang='lat' dir='ltr'>codd.</span> <span class='ocrx_word' id='word_1_294' title='bbox 1175 2668 1263 2721; x_wconf 77' lang='lat'>139)</span> <span class='ocrx_word' id='word_1_295' title='bbox 1304 2671 1376 2711; x_wconf 91' lang='lat' dir='ltr'>cui</span> <span class='ocrx_word' id='word_1_296' title='bbox 1408 2669 1446 2710; x_wconf 93' lang='grc' dir='ltr'><em>Β</em></span> <span class='ocrx_word' id='word_1_297' title='bbox 1485 2667 1573 2708; x_wconf 87' lang='lat' dir='ltr'>alvi</span> <span class='ocrx_word' id='word_1_298' title='bbox 1604 2667 1677 2708; x_wconf 93' lang='lat' dir='ltr'>Ho</span> <span class='ocrx_word' id='word_1_299' title='bbox 1710 2679 1811 2708; x_wconf 84' lang='lat' dir='ltr'>cum</span> <span class='ocrx_word' id='word_1_300' title='bbox 1849 2667 1909 2708; x_wconf 85' lang='lat' dir='ltr'>Va</span> 
     </span>
    </p>
   </div>
   <div class='ocr_carea' id='block_1_9' title="bbox 225 2733 1909 2986">
    <p class='ocr_par' dir='ltr' id='par_1_11' title="bbox 225 2733 1909 2986">
     <span class='ocr_line' id='line_1_41' title="bbox 226 2733 1909 2811; baseline -0.003 -11"><span class='ocrx_word' id='word_1_301' title='bbox 226 2772 317 2800; x_wconf 86' lang='lat' dir='ltr'>non</span> <span class='ocrx_word' id='word_1_302' title='bbox 348 2762 549 2811; x_wconf 81' lang='lat' dir='ltr'>probab.</span> <span class='ocrx_word' id='word_1_303' title='bbox 751 2759 802 2799; x_wconf 90' lang='grc'>21</span> <span class='ocrx_word' id='word_1_304' title='bbox 839 2771 867 2800; x_wconf 87' lang='lat' dir='ltr'>a</span> <span class='ocrx_word' id='word_1_305' title='bbox 899 2761 1032 2810; x_wconf 87' lang='lat' dir='ltr'>cyrtis</span> <span class='ocrx_word' id='word_1_306' title='bbox 1065 2771 1150 2809; x_wconf 74' lang='lat' dir='ltr'>eqo</span> <span class='ocrx_word' id='word_1_307' title='bbox 1184 2760 1251 2799; x_wconf 87' lang='lat' dir='ltr'>ac‘</span> <span class='ocrx_word' id='word_1_308' title='bbox 1283 2759 1391 2809; x_wconf 86' lang='lat' dir='ltr'>yrtis</span> <span class='ocrx_word' id='word_1_309' title='bbox 1422 2758 1463 2798; x_wconf 87' lang='lat' dir='ltr'><em>P</em></span> <span class='ocrx_word' id='word_1_310' title='bbox 1491 2733 1547 2798; x_wconf 61' lang='lat' dir='ltr'>at}</span> <span class='ocrx_word' id='word_1_311' title='bbox 1578 2744 1671 2796; x_wconf 82' lang='lat' dir='ltr'>irtis</span> <span class='ocrx_word' id='word_1_312' title='bbox 1705 2755 1742 2797; x_wconf 93' lang='lat' dir='ltr'><em>C</em></span> <span class='ocrx_word' id='word_1_313' title='bbox 1771 2767 1909 2796; x_wconf 62' lang='lat' dir='ltr'>arrura</span> 
     </span>
     <span class='ocr_line' id='line_1_42' title="bbox 225 2814 1850 2870; baseline -0.001 -12"><span class='ocrx_word' id='word_1_314' title='bbox 225 2821 282 2859; x_wconf 90' lang='lat' dir='ltr'>cii</span> <span class='ocrx_word' id='word_1_315' title='bbox 313 2819 352 2860; x_wconf 89' lang='grc' dir='ltr'><em>Β</em></span> <span class='ocrx_word' id='word_1_316' title='bbox 383 2831 410 2859; x_wconf 89' lang='lat' dir='ltr'>a</span> <span class='ocrx_word' id='word_1_317' title='bbox 441 2821 576 2859; x_wconf 87' lang='lat' dir='ltr'>curtis</span> <span class='ocrx_word' id='word_1_318' title='bbox 607 2819 680 2860; x_wconf 90' lang='grc' dir='ltr'>Ηο</span> <span class='ocrx_word' id='word_1_319' title='bbox 749 2830 776 2859; x_wconf 88' lang='lat' dir='ltr'>a</span> <span class='ocrx_word' id='word_1_320' title='bbox 809 2819 941 2870; x_wconf 88' lang='lat' dir='ltr'>cyrtis</span> <span class='ocrx_word' id='word_1_321' title='bbox 973 2819 1062 2858; x_wconf 93' lang='lat' dir='ltr'>hoc</span> <span class='ocrx_word' id='word_1_322' title='bbox 1094 2821 1164 2859; x_wconf 84' lang='lat' dir='ltr'>est</span> <span class='ocrx_word' id='word_1_323' title='bbox 1195 2829 1284 2858; x_wconf 88' lang='lat' dir='ltr'>om.</span> <span class='ocrx_word' id='word_1_324' title='bbox 1315 2817 1350 2858; x_wconf 87' lang='lat' dir='ltr'><em>A</em></span> <span class='ocrx_word' id='word_1_325' title='bbox 1473 2816 1529 2856; x_wconf 90' lang='grc'>23</span> <span class='ocrx_word' id='word_1_326' title='bbox 1561 2816 1784 2856; x_wconf 88' lang='lat' dir='ltr'>habemus</span> <span class='ocrx_word' id='word_1_327' title='bbox 1814 2814 1850 2856; x_wconf 84' lang='lat' dir='ltr'><em>A</em></span> 
     </span>
     <span class='ocr_line' id='line_1_43' title="bbox 225 2871 1849 2924; baseline -0.003 -6"><span class='ocrx_word' id='word_1_328' title='bbox 225 2879 488 2918; x_wconf 88' lang='lat' dir='ltr'>necessario</span> <span class='ocrx_word' id='word_1_329' title='bbox 522 2890 611 2919; x_wconf 88' lang='lat' dir='ltr'>om.</span> <span class='ocrx_word' id='word_1_330' title='bbox 642 2879 680 2919; x_wconf 91' lang='grc' dir='ltr'><em>Β</em></span> <span class='ocrx_word' id='word_1_331' title='bbox 830 2878 886 2917; x_wconf 89' lang='grc'>25</span> <span class='ocrx_word' id='word_1_332' title='bbox 919 2871 970 2917; x_wconf 81' lang='lat' dir='ltr'>a²</span> <span class='ocrx_word' id='word_1_333' title='bbox 1001 2889 1090 2917; x_wconf 90' lang='lat' dir='ltr'>om.</span> <span class='ocrx_word' id='word_1_334' title='bbox 1124 2876 1198 2917; x_wconf 85' lang='lat' dir='ltr'>CB</span> <span class='ocrx_word' id='word_1_335' title='bbox 1347 2875 1404 2915; x_wconf 85' lang='lat'>26</span> <span class='ocrx_word' id='word_1_336' title='bbox 1436 2871 1639 2924; x_wconf 87' lang='lat' dir='ltr'>quideml</span> <span class='ocrx_word' id='word_1_337' title='bbox 1674 2875 1784 2923; x_wconf 88' lang='lat' dir='ltr'>quid</span> <span class='ocrx_word' id='word_1_338' title='bbox 1815 2875 1849 2914; x_wconf 94' lang='lat' dir='ltr'><em>A</em></span> 
     </span>
     <span class='ocr_line' id='line_1_44' title="bbox 226 2937 1009 2986; baseline -0.001 -10"><span class='ocrx_word' id='word_1_339' title='bbox 226 2937 281 2977; x_wconf 90' lang='grc'>28</span> <span class='ocrx_word' id='word_1_340' title='bbox 316 2948 466 2976; x_wconf 87' lang='lat' dir='ltr'>acrum</span> <span class='ocrx_word' id='word_1_341' title='bbox 501 2938 539 2977; x_wconf 85' lang='lat' dir='ltr'><em>P</em></span> <span class='ocrx_word' id='word_1_342' title='bbox 569 2948 672 2977; x_wconf 86' lang='lat' dir='ltr'>acre</span> <span class='ocrx_word' id='word_1_343' title='bbox 706 2938 744 2977; x_wconf 93' lang='lat' dir='ltr'>D</span> <span class='ocrx_word' id='word_1_344' title='bbox 867 2938 943 2986; x_wconf 88' lang='lat' dir='ltr'>qui</span> <span class='ocrx_word' id='word_1_345' title='bbox 977 2937 1009 2976; x_wconf 88' lang='lat' dir='ltr'><em>A</em></span> 
     </span>
    </p>
   </div>
  </div>
 </body>
</html>
