1982 3172
546 139 629 184 DE
662 139 970 186 PULSIBUS
1004 137 1143 185 CAP.
1169 137 1342 184 XXIIII
1691 144 1792 195 145

101 276 170 328 de
213 277 538 327 humoribus
586 276 747 327 factis
789 289 859 326 ex
904 276 1265 333 nutrimento;
1311 289 1344 325 a
1388 275 1611 326 renibus
1652 288 1787 326 vero

100 350 381 415 accipitur,
413 351 562 414 quod
601 351 797 402 dicitur
831 349 1035 401 orodes
1068 349 1127 400 id
1159 355 1246 401 est
1280 363 1405 401 sero
1438 349 1631 407 simile,
1664 363 1785 401 cum

100 424 355 476 acredine
378 425 654 484 derelicta,
682 431 741 476 ut
767 439 939 487 purus
966 438 1256 475 remanens
1282 430 1336 475 et
1363 423 1641 487 perfectus
1665 438 1789 475 san-

98 499 224 563 guis
251 498 431 550 factus
462 500 515 548 in
544 500 939 551 nutrimentum
972 498 1241 562 dirigatur
1271 498 1498 562 reliquis
1527 498 1788 549 membris

52 590 75 623 5
101 575 348 637 corporis
380 587 476 636 per
510 588 683 625 venas
719 573 1001 636 dispersas
1036 574 1091 624 in
1127 574 1264 636 ipsa.
1386 572 1452 624 Et
1483 573 1564 624 sic
1592 587 1788 624 unum-
1829 582 1881 622 14
1923 587 1927 590 ⁴

100 647 360 711 quodque
379 648 752 699 membrorum
776 647 1059 699 attrahens
1082 648 1408 711 sanguinem
1432 653 1487 699 et
1502 648 1788 699 continens

96 727 152 773 et
186 728 508 786 permutans
546 723 618 773 ad
656 737 814 773 suam
852 728 1106 774 naturam
1144 722 1429 773 residuum
1466 722 1788 774 transmittit

96 797 292 848 vicinis
317 797 578 848 membris
608 798 1003 848 nutrimentum
1034 810 1340 860 congruum
1371 797 1509 860 ipsis
1538 796 1788 848 efficien-

98 870 247 922 dum.
296 869 362 922 Et
401 872 508 922 hoc
545 871 715 922 modo
758 872 945 922 omnia
985 871 1233 922 membra
1270 885 1341 922 ex
1380 873 1650 935 sanguine
1686 885 1787 922 nu·
1828 879 1880 919 15

31 959 75 994 ιο
100 946 335 998 triuntur
374 951 428 997 et
472 952 722 997 crescunt
762 952 816 996 et
858 951 1183 1008 permanent
1226 945 1588 997 distribuente
1630 945 1786 997 illum

96 1020 312 1083 hepate.
351 1019 562 1071 Dicitur
594 1026 779 1071 autem
811 1020 918 1071 ista
951 1033 1080 1082 pars
1112 1019 1447 1071 irrationalis
1478 1034 1591 1071 non
1620 1021 1787 1072 oboe-
1827 1028 1879 1067 16

98 1093 215 1145 dire
243 1094 457 1152 rationi,
489 1107 558 1144 eo
591 1094 741 1157 quod
774 1108 885 1145 non
919 1094 1224 1145 secundum
1255 1095 1509 1146 notitiam
1538 1101 1786 1146 nostram

95 1182 275 1232 neque
309 1168 613 1220 secundum
652 1168 1128 1231 praeelectionem,
1166 1169 1263 1220 sed
1300 1169 1626 1220 naturaliter
1661 1183 1787 1233 pro·

99 1243 278 1306 prium
313 1256 456 1305 opus
495 1243 726 1306 perficit.

30 1464 73 1498 15
655 1434 772 1502 DE
822 1434 1238 1503 PULSIBUS
1809 1506 1879 1555 24

183 1570 450 1622 Pulsuum
487 1584 621 1623 vero
663 1578 848 1622 motus
887 1578 1118 1623 vocatur
1156 1572 1326 1623 etiam
1366 1572 1552 1624 vitalis
1591 1573 1784 1624 virtus.
1855 1578 1872 1618 1

96 1643 321 1696 Habens
363 1651 549 1696 autem
595 1646 925 1709 principium
969 1647 1154 1709 ipsum
1199 1660 1293 1698 cor
1336 1653 1391 1698 et
1433 1648 1673 1698 maxime
1715 1648 1787 1699 si·

95 1720 331 1770 nistrum
356 1720 475 1770 eius
505 1726 770 1778 ventrem,
802 1721 894 1783 qui
926 1720 1231 1784 spiritualis
1261 1727 1507 1779 vocatur,
1534 1721 1786 1772 innatum

97 1798 152 1843 et
191 1793 419 1844 vitalem
465 1794 703 1845 calorem
749 1794 1028 1846 distribuit
1071 1796 1127 1845 in
1172 1797 1323 1846 omni
1367 1796 1615 1847 membro
1669 1809 1786 1848 cor-

29 1894 75 1928 ω
99 1867 250 1929 poris
276 1881 372 1929 per
402 1869 647 1927 arteriaS,
678 1870 819 1920 sicut
847 1869 1020 1932 hepar
1048 1871 1444 1922 nutrimentum
1476 1884 1573 1933 per
1597 1884 1784 1922 venas.

99 1941 382 1993 Calefacto
405 1943 576 2005 igitur
602 1944 769 1995 corde
794 1951 952 1995 extra
979 1952 1234 1996 naturam
1263 1959 1393 1996 mox
1417 1947 1584 1997 etiam
1609 1952 1787 1997 totum

92 2015 301 2066 >animal
330 2015 515 2067 calefit
543 2023 701 2068 extra
729 2023 983 2069 naturam
1015 2025 1068 2069 et
1099 2018 1404 2082 infrigdato
1434 2018 1784 2082 infrigdatur.

95 2088 294 2140 Vitalis
333 2091 534 2141 etenim
576 2092 803 2154 spiritus
843 2105 876 2142 a
918 2092 1084 2143 corde
1123 2106 1220 2155 per
1260 2094 1489 2144 arterias
1526 2094 1583 2143 in
1620 2107 1784 2144 omne

97 2177 298 2227 corpus
323 2163 682 2216 distribuitur.
724 2165 1170 2219 Conscinduntur
1196 2181 1329 2219 vero
1359 2168 1670 2219 adinvicem
1702 2183 1784 2219 se·
1852 2173 1878 2214 2

28 2263 73 2298 ᾖ
99 2237 338 2288 cundum
373 2239 638 2290 maiorem
677 2246 889 2302 partem
927 2242 1030 2292 tria
1065 2241 1217 2300 haec,
1253 2242 1359 2292 hoc
1392 2248 1477 2293 est
1509 2256 1667 2300 vena,
1698 2256 1784 2293 ar-

98 2313 248 2370 teria,
305 2326 525 2371 nervus,
586 2314 878 2365 existentia
935 2329 969 2365 a
1013 2316 1188 2367 tribus
1248 2317 1532 2379 principiis
1576 2317 1781 2367 animal

95 2386 558 2449 gubernantibus:
581 2401 614 2437 a
643 2388 865 2439 cerebro
894 2389 1133 2452 quidem,
1163 2390 1312 2453 quod
1340 2396 1426 2442 est
1453 2391 1784 2454 principium

97 2461 359 2512 motionis
401 2468 454 2512 et
499 2462 895 2522 sensibilitatis
937 2477 1165 2522 nervus;
1224 2465 1294 2515 ab
1337 2465 1538 2527 hepate
1581 2472 1786 2528 autem,

97 2534 245 2596 quod
278 2541 362 2586 est
398 2536 727 2599 principium
765 2539 1052 2601 sanguinis
1086 2544 1143 2590 et
1178 2539 1470 2598 nutribilis,
1504 2553 1648 2591 vena
1680 2555 1782 2591 vas

173 2711 199 2752 2
231 2713 392 2755 dicitur
423 2717 590 2757 orodes
623 2717 671 2757 id
704 2728 793 2757 om.
826 2718 859 2758 A
1029 2718 1055 2758 4
1089 2718 1235 2759 factus
1268 2731 1357 2760 om.
1389 2720 1428 2760 Β
1533 2721 1720 2772 reliquis
1752 2722 1792 2763 Ρ

97 2771 199 2812 aliis
229 2772 271 2813 D
414 2775 441 2815 5
473 2776 576 2825 ipso
610 2776 643 2816 A
793 2776 847 2817 13
881 2778 1111 2826 proprium
1145 2789 1235 2819 om.
1267 2779 1300 2819 A
1459 2780 1512 2820 15
1544 2780 1615 2822 De
1648 2781 1788 2831 pulsi-

98 2830 183 2870 bus
214 2830 300 2873 PC
328 2833 434 2874 ”13
463 2835 560 2885 fere
591 2836 681 2876 litt.
714 2836 751 2875 Β
783 2847 871 2876 om.
905 2836 939 2877 A
976 2848 1124 2887 aeque
1155 2848 1213 2878 ac
1246 2843 1307 2887 72,
1326 2843 1379 2878 16
1516 2839 1570 2880 16
1601 2845 1790 2881 vocatur

97 2885 136 2937 (r
159 2901 215 2931 ex
236 2901 259 2931 s
283 2902 403 2933 corr.
427 2905 486 2934 m.
504 2893 632 2945 1—2)
654 2895 693 2935 P
764 2894 817 2935 18
846 2898 962 2945 post
992 2897 1087 2937 inn.
1120 2898 1231 2938 add.
1256 2901 1409 2938 autem
1427 2899 1461 2940 A
1526 2899 1583 2939 22
1616 2900 1788 2951 infrigi-

97 2948 204 2989 dato
237 2949 520 3002 inlrlgldatur
549 2953 587 2994 Β
708 2953 764 2994 25
796 2955 879 2994 tria
905 2975 957 2981 —
984 2959 1055 2996 est
1086 2967 1175 2997 om.
1208 2956 1243 2997 A
1367 2957 1423 2998 26
1456 2961 1503 2999 et
1533 2958 1590 3000 28
1622 2970 1789 3001 nervus

95 3018 151 3048 ex
181 3010 331 3050 nervis
365 3005 423 3052 C¹
543 3011 600 3052 26
633 3014 916 3063 principibus
947 3015 987 3055 Ρ
1106 3014 1160 3055 27
1194 3015 1378 3058 celebro
1410 3018 1450 3058 Ρ
1523 3019 1636 3069 quid
1666 3019 1701 3060 A

189 3085 361 3121 Nemes.
391 3088 444 3122 ab
469 3089 628 3124 Alfano
655 3091 798 3125 transl.
826 3090 891 3125 ed.
918 3091 1139 3126 Burkhard
1465 3092 1519 3132 10
