1982 3172
223 113 292 162 92
587 103 843 150 NEMESII
877 103 1193 150 PREMNON
1225 103 1550 151 PHYSICON

223 249 276 295 et
297 244 561 307 passibile
586 248 811 294 vocatur
840 248 892 294 et
924 244 978 293 in
1009 240 1268 291 sensibile
1300 247 1354 292 et
1380 243 1435 292 in
1465 243 1746 295 rationale.
1791 243 1900 295 Sed

223 315 710 366 instrumentorum
767 313 1202 376 uniuscuiusque
1258 313 1455 365 horum
1510 315 1620 366 alia
1679 316 1900 379 quidem

166 398 191 438 2
225 388 370 439 dicta
397 394 524 439 sunt
553 393 606 439 et
635 387 745 438 alia
777 387 1024 438 dicentur
1054 387 1110 437 in
1141 389 1511 451 sequentibus,
1547 389 1779 442 Zenon
1805 405 1901 442 au-

222 468 332 513 tem
372 462 655 513 Stoicus
698 467 822 513 octo
863 468 1048 524 partes
1086 466 1215 516 dicit
1248 480 1369 518 esse
1403 469 1619 519 animae
1652 469 1903 520 dividens

223 551 343 587 eam
373 537 427 586 in
462 535 729 587 rationale
760 541 815 586 et
847 536 901 585 in
936 537 1176 599 quinque
1209 537 1598 588 sensibilitates
1628 543 1683 589 et
1706 539 1900 590 vocale
1949 553 1982 587 ει·

166 621 190 661 3
224 616 276 661 et
297 610 575 661 seminale.
612 610 838 660 Panae
855 611 995 661 tius
1017 624 1151 661 vero
1178 610 1546 674 philosophus
1569 612 1762 664 vocale
1783 612 1903 664 vult
1974 651 1982 656 .

224 690 435 747 partem
474 698 597 735 esse
637 685 898 736 motionis
938 684 1009 734 ad
1052 684 1314 747 placitum
1356 685 1543 736 dicens
1583 687 1900 738 rectissima.

224 758 500 809 Seminale
556 764 740 809 autem
801 773 910 809 non
967 760 1184 810 animae
1244 765 1471 822 partem,
1517 760 1614 811 sed
1658 767 1901 812 naturae.
1980 784 1982 786 ·

166 843 190 882 4
222 832 658 884 Aristoteles
681 847 814 884 vero
845 834 899 883 in
929 833 1172 898 physicis
1204 834 1444 897 quinque
1475 834 1604 885 dicit
1633 848 1754 886 esse
1781 849 1902 898 par-

222 913 304 959 tes
344 908 575 966 animae,
615 908 722 959 hoc
761 914 845 959 est
884 909 1162 967 nascibile,
1203 915 1256 960 et
1295 909 1566 966 sensibile,
1603 917 1658 961 et
1698 911 1982 967 mobilem

224 981 526 1032 secundum
551 981 749 1039 locum,
779 987 833 1033 et
860 982 1159 1046 appetibile
1188 988 1243 1033 et
1273 982 1610 1041 dinoscibile,
1639 983 1901 1034 nascibile

224 1055 411 1107 dicens
442 1055 702 1107 nutribile
736 1062 790 1108 et
825 1056 974 1120 quod
1010 1062 1368 1119 augmentum
1402 1063 1457 1108 et
1491 1058 1900 1120 generationem

223 1130 356 1182 facit
392 1136 446 1182 et
486 1131 634 1194 quod
675 1131 914 1194 plasmat
955 1145 1201 1194 corpora.
1251 1131 1602 1196 Vocaturque
1637 1133 1901 1184 nascibile

222 1205 387 1255 etiam
411 1204 684 1263 nutribile‚
715 1210 891 1255 totum
922 1204 1142 1268 quidem
1174 1219 1206 1254 a
1234 1205 1494 1263 nutribili,
1522 1205 1735 1256 meliori
1761 1205 1902 1256 scili-

223 1284 306 1330 cet
331 1284 487 1343 parte
515 1279 860 1330 nominatum
892 1285 944 1330 et
975 1293 1008 1328 a
1040 1293 1148 1342 qua
1177 1278 1317 1330 aliae
1346 1293 1565 1342 quoque
1593 1285 1776 1342 partes
1806 1294 1900 1330 na·
1930 1294 1982 1329 ιε.

223 1353 428 1404 scibilis
455 1353 659 1404 habent
692 1353 1055 1404 existentiam.
1099 1352 1163 1404 Et
1197 1353 1274 1404 sic
1306 1353 1527 1416 quidem
1560 1354 1614 1404 in
1644 1354 1900 1418 physicis

165 1439 190 1478 5
224 1427 280 1478 In
302 1427 494 1479 ethicis
520 1433 703 1479 autem
730 1428 784 1478 in
814 1427 924 1478 duo
952 1428 1129 1490 prima
1154 1429 1442 1491 magisque
1463 1428 1742 1490 generalia
1764 1428 1902 1479 divi-

225 1502 303 1553 dit
339 1502 596 1560 animam‚
636 1502 691 1553 in
731 1501 997 1553 rationale
1038 1507 1091 1553 et
1128 1502 1460 1552 irrationale.
1510 1501 1618 1552 Sed
1658 1502 1926 1553 subdivir

221 1575 300 1627 dit
338 1575 654 1628 irrationale
694 1576 749 1627 in
787 1576 908 1634 hoe,
950 1575 1099 1640 quod
1140 1575 1366 1627 oboedit
1404 1576 1602 1627 rationi
1640 1581 1694 1626 et
1729 1577 1783 1626 in
1822 1576 1896 1634 id,

159 1661 186 1701 6
217 1650 366 1714 quod
383 1664 496 1702 non
521 1650 747 1701 oboedit
769 1651 984 1702 rationi.
1021 1649 1129 1701 Sed
1156 1649 1225 1701 de
1247 1649 1503 1701 rationali
1522 1650 1578 1700 in
1599 1651 1893 1713 superiori·
1926 1661 1982 1699 21²3·

215 1726 319 1775 bus
347 1724 551 1775 dictum
582 1730 681 1781 est.
722 1724 882 1775 Nunc
909 1730 1094 1776 autem
1127 1724 1196 1774 de
1225 1723 1526 1775 irrationali
1554 1724 1893 1787 incipiemus,
1980 1748 1982 1750 ·

292 1846 309 1886 1
349 1846 568 1896 passibile
599 1846 671 1887 Ho
706 1842 1002 1895 (παθητικὸν)
1036 1845 1258 1895 pascibile
1290 1845 1418 1886 ΡΑΒ
1561 1839 1631 1886 in¹
1663 1857 1752 1886 om.
1783 1845 1821 1886 B

215 1908 260 1946 et
291 1906 549 1946 irrationale
579 1905 618 1946 B
746 1905 861 1946 2-3
894 1905 1080 1955 quidem
1109 1906 1223 1956 post
1252 1907 1359 1945 sunt
1386 1916 1498 1956 pon.
1530 1904 1567 1945 Β
1695 1903 1721 1944 3
1753 1912 1781 1943 *
1813 1905 1902 1945 alia

215 1961 259 2012 (ἰ
281 1981 336 1995 =
363 1965 410 2005 in
443 1976 563 2006 eras.
590 1962 703 2013 vid.)
736 1965 776 2005 P
950 1963 976 2004 4
1010 1964 1118 2005 dicit
1146 1965 1260 2015 post
1291 1965 1473 2004 animae
1501 1975 1614 2014 ροη.
1646 1963 1684 2004 Β
1803 1963 1899 2004 ani-

215 2035 333 2065 mam
368 2024 407 2065 Ρ
524 2023 640 2064 4--6
674 2024 811 2064 divid.
843 2035 943 2065 eam
974 2025 1087 2074 post
1117 2023 1339 2064 seminale
1369 2035 1480 2074 pon.
1504 2023 1542 2063 Β
1663 2023 1689 2063 6
1721 2020 1899 2074 Ρειηεῇ-

215 2085 302 2124 tius
336 2079 385 2132 (n
417 2084 505 2124 del.
539 2095 596 2124 m.
621 2080 765 2132 2—3)
799 2083 838 2123 Ρ
874 2082 1087 2123 Pavetius
1118 2082 1156 2123 Β
1282 2093 1390 2122 vero
1424 2082 1462 2122 Ρ
1499 2084 1650 2122 autem
1682 2081 1717 2123 A
1751 2093 1838 2122 om.
1865 2081 1901 2122 B
1979 2086 1982 2090 ⁴

290 2143 314 2182 7
348 2153 453 2183 esse
485 2145 658 2192 partem
692 2145 799 2183 mot.
833 2138 898 2191 (h.
928 2138 992 2191 ο.)
1023 2141 1058 2182 Α
1102 2143 1274 2191 partem
1307 2144 1415 2182 mot.
1446 2141 1484 2182 Β
1661 2141 1689 2182 8
1728 2137 1897 2189 autem]

214 2213 321 2244 vero
354 2201 388 2242 A
541 2200 687 2242 9—10
719 2212 824 2242 esse
856 2201 1038 2242 animae
1071 2204 1221 2250 partes
1253 2200 1293 2241 P
1329 2201 1511 2241 animae
1543 2211 1647 2241 esse
1680 2202 1831 2249 partes
1861 2200 1899 2240 Β
1977 2240 1982 2243 Α

215 2258 281 2310 (h.
299 2258 363 2311 ο.)
469 2260 521 2300 10
547 2263 658 2302 ante
682 2261 864 2301 animae
889 2261 1000 2301 add.
1026 2271 1130 2301 esse
1154 2260 1191 2300 Β
1256 2260 1475 2310 proxima
1499 2260 1594 2299 tria
1619 2251 1687 2299 et¹
1711 2270 1799 2299 om.
1817 2257 1899 2298 AB

291 2320 341 2360 11
378 2314 446 2362 et²
476 2320 516 2360 P
545 2321 682 2361 etiam
714 2319 752 2360 Β
783 2331 871 2360 om.
896 2319 930 2359 A
1056 2318 1229 2359 12—-13
1262 2319 1369 2358 iacit
1400 2320 1444 2359 et
1475 2328 1581 2368 gen.
1613 2314 1680 2367 (h.
1705 2314 1769 2366 ο.)
1801 2317 1834 2357 Α

218 2379 270 2419 13
305 2380 545 2429 plasmavit
575 2379 612 2420 B
704 2390 794 2429 que
826 2390 915 2419 om.
947 2379 985 2418 B
1123 2377 1176 2418 14
1210 2377 1396 2419 meliore
1426 2376 1464 2416 Β
1601 2375 1654 2416 15
1687 2376 1894 2416 nomina-

216 2442 308 2479 tum
341 2439 413 2480 Ho
447 2441 604 2479 notum
638 2438 720 2479 ΡΒ
751 2440 906 2478 natum
938 2437 972 2477 A
1047 2448 1074 2476 a
1107 2448 1198 2487 qua
1230 2448 1317 2477 om.
1349 2437 1433 2477 sed
1460 2437 1574 2485 post
1604 2438 1754 2484 partes
1786 2436 1896 2476 add.

217 2499 274 2538 ab
308 2509 364 2540 ea
394 2497 429 2538 A
567 2500 720 2547 partes
753 2507 940 2547 quoque
973 2493 1039 2546 (lz.
1073 2493 1136 2546 o.)
1168 2496 1206 2536 Β
1237 2506 1423 2546 quoque
1455 2506 1544 2534 om.
1574 2493 1610 2535 A
1748 2494 1895 2534 nasci·
1958 2493 1961 2495 “

217 2557 353 2598 bilem
386 2556 421 2597 A
651 2556 703 2597 17
737 2556 887 2597 ethica
918 2555 952 2596 A
1120 2566 1211 2605 que
1243 2566 1331 2595 om.
1363 2553 1397 2594 A
1626 2551 1679 2593 18
1708 2554 1822 2604 post
1853 2555 1897 2593 et

216 2617 327 2657 add.
361 2617 408 2656 in
439 2615 474 2656 A
634 2615 688 2656 19
719 2612 825 2664 hoc]
860 2615 908 2656 id
938 2614 972 2655 A
1145 2612 1317 2654 19—20
1348 2615 1393 2654 et
1424 2641 1435 2652 .
1461 2641 1471 2652 .
1498 2642 1508 2652 .
1543 2612 1705 2652 rationi
1737 2623 1826 2653 om.
1859 2610 1892 2652 A

278 2674 332 2715 19
365 2676 555 2717 obaudit
586 2675 626 2717 Ρ
804 2673 855 2715 21
892 2677 1043 2715 autem
1077 2685 1165 2714 om,
1198 2672 1232 2715 A
1354 2670 1560 2712 rationali
1591 2670 1629 2712 Β
