1982 3172
418 116 502 163 DE
535 113 1026 163 INVOLUNTARIO
1063 113 1201 161 CAP.
1227 111 1381 159 XXXI
1652 119 1751 168 113

63 255 433 306 involuntario
462 255 644 317 igitur,
679 252 828 316 quod
863 252 927 303 fit
962 266 1057 315 per
1091 251 1426 307 violentiam,
1461 248 1746 299 sufficiant

60 330 210 380 haee.
246 328 433 380 Restat
460 334 645 380 autem
674 328 854 378 dicere
885 327 953 377 de
982 326 1354 377 involuntario
1384 337 1480 388 per
1503 325 1748 374 nescien-

62 405 209 456 tiam.

81 549 199 618 DE
248 548 880 618 INVOLUNTARIO
930 547 1095 615 PER
1136 545 1729 614 IGNORANTIAM
1773 606 1834 655 31

16 691 40 728 ⁵
149 671 325 723 Multa
356 672 574 735 agimus
611 684 707 734 per
741 670 1125 733 ignorantiam,
1163 668 1233 719 de
1268 668 1467 731 quibus
1503 674 1630 730 post
1661 681 1748 718 ac·
1788 679 1805 718 1

59 752 177 798 tum
202 746 529 809 gaudemus,
559 752 620 796 ut
648 759 770 796 cum
800 744 996 795 nolens
1027 744 1307 794 inimicum
1337 742 1587 794 occidere
1613 756 1748 805 gau·

64 821 156 872 det
194 822 248 871 in
290 827 480 872 morte.
532 819 652 871 Hoc
690 820 857 883 igitur
898 825 952 870 et
992 819 1124 870 talia
1160 824 1363 869 vocant
1399 832 1510 868 non
1552 817 1749 868 volun-

59 896 215 954 taria,
256 894 354 946 sed
394 908 497 945 nec
536 895 701 946 etiam
743 893 1131 944 involuntaria.
1185 892 1249 943 Et
1290 893 1487 944 iterum
1527 892 1747 955 agimus
1784 903 1810 943 2

62 969 335 1033 quaedam
359 982 456 1032 per
485 969 854 1032 ignorantiam
883 974 936 1019 et
964 968 1018 1017 in
1049 967 1210 1018 factis
1239 966 1563 1030 affligimur.
1600 966 1750 1017 Haec

0 1062 39 1099 ιο
60 1049 244 1095 autem
263 1049 605 1095 vocaverunt
630 1042 1017 1101 involuntaria,
1045 1042 1245 1105 quibus
1273 1041 1533 1104 perfectis
1561 1047 1749 1092 secuta

59 1124 142 1169 est
165 1117 417 1170 afflictio.
456 1117 664 1169 Eorum
686 1118 869 1181 igitur,
899 1130 1042 1180 quae
1069 1116 1213 1168 fiunt
1240 1130 1338 1180 per
1361 1117 1750 1179 ignorantiam,
1786 1127 1811 1167 3

62 1193 205 1243 duae
241 1198 368 1244 sunt
407 1193 645 1256 species:
682 1206 792 1242 una
832 1191 1053 1254 quidem
1091 1205 1203 1243 non
1240 1191 1632 1249 voluntarium,
1669 1191 1747 1240 al-

60 1274 178 1318 tera
200 1280 334 1318 vero
367 1267 814 1318 involuntarium.
856 1266 1049 1317 Exstat
1078 1272 1263 1317 autem
1294 1280 1441 1316 nunc
1471 1266 1650 1316 dicere
1680 1266 1747 1316 de
1784 1277 1809 1316 4

63 1342 183 1392 solo
224 1341 612 1392 involuntario,
667 1341 809 1392 Nam
850 1355 960 1392 non
1002 1341 1376 1392 voluntarium
1419 1340 1748 1391 voluntariis

0 1435 39 1470 ιο
64 1416 242 1479 magis
281 1415 545 1467 subicitur
584 1417 818 1467 mixtum
858 1416 1138 1470 existens„
1170 1415 1388 1466 Initium
1429 1416 1629 1466 etenim
1671 1416 1750 1464 in-

62 1490 436 1542 voluntarium
470 1490 651 1550 habet,
690 1490 860 1541 finem
895 1504 1029 1541 vero
1067 1490 1458 1541 voluntarium.
1507 1489 1586 1540 Ex
1624 1505 1750 1553 pro-

64 1565 311 1616 cessione
353 1579 592 1628 namque
636 1565 1010 1616 voluntarium
1056 1564 1264 1616 factum
1308 1571 1392 1616 est
1436 1565 1750 1615 involunta-

64 1640 219 1690 rium.
262 1639 421 1690 Unde
458 1646 512 1690 et
548 1641 626 1691 sic
661 1639 950 1691 diffiniunt
986 1639 1444 1691 involuntarium:
1492 1639 1750 1690 Involun-
1789 1651 1814 1690 5

66 1714 266 1764 tarium
301 1721 400 1773 est,
439 1714 604 1778 quod,
643 1729 764 1765 cum
802 1728 914 1765 non
954 1716 1022 1766 sit
1058 1714 1450 1773 voluntarium,
1486 1714 1753 1778 affligens

0 1807 44 1845 ρο
67 1789 136 1839 sit
179 1794 233 1839 et
279 1789 333 1838 in
378 1790 730 1852 paenitentia.
789 1789 988 1840 Iterum
1035 1789 1188 1840 aliud
1251 1790 1474 1853 quidem
1517 1796 1602 1841 est
1656 1803 1751 1852 per
1789 1800 1815 1840 6

66 1863 435 1925 ignorantiam
481 1863 613 1926 quid
659 1877 839 1926 agere,
884 1864 1036 1914 aliud
1082 1878 1216 1915 vero
1263 1865 1626 1928 ignorantem.
1694 1864 1751 1916 Si
1793 1877 1816 1916 7

63 1937 208 1987 enim
232 1937 288 1987 in
316 1936 477 1988 nobis
506 1937 671 1988 fuerit
700 1939 1045 2001 ignorantiae
1076 1953 1258 1998 causa,
1287 1940 1607 2002 ignorantes
1634 1941 1750 2002 qui-

66 2011 190 2062 dem
230 2011 479 2070 facimuS,
522 2012 619 2062 sed
657 2026 769 2062 non
811 2015 907 2075 per
947 2013 1332 2076 ignorantiam.
1384 2013 1526 2064 Nam
1564 2014 1749 2064 ebrius

64 2091 118 2136 et
145 2087 318 2137 iratus
351 2085 560 2137 faciens
591 2085 801 2150 aliquid
836 2101 1172 2150 perversum,
1204 2088 1294 2139 hic
1325 2089 1548 2152 quidem
1578 2089 1750 2139 ebrie-

0 2165 248 2216 2statem,
293 2160 381 2210 hic
426 2174 558 2210 vero
607 2159 848 2211 furorem
898 2176 1120 2212 causam
1167 2162 1332 2213 habet
1376 2169 1624 2214 actorum
1679 2164 1748 2212 ab

66 2235 204 2297 ipSO,
232 2248 373 2297 quae
403 2242 559 2286 erant
588 2236 915 2287 voluntaria.
958 2237 1211 2288 Potestas
1243 2239 1387 2288 enim
1418 2239 1468 2288 ei
1495 2244 1612 2288 erat
1639 2253 1748 2288 non

142 2356 159 2395 1
198 2357 323 2406 quod
355 2358 413 2396 sit
444 2358 480 2397 B
513 2358 590 2407 qui
624 2359 681 2397 sit
711 2358 746 2398 A
929 2358 955 2398 4
987 2359 1057 2400 De
1091 2360 1396 2400 involuntario
1432 2372 1511 2409 per
1544 2362 1757 2410 ignoran-

64 2416 171 2455 tiam
204 2414 290 2457 PC
321 2415 435 2457 *¹³42
465 2418 561 2467 sere
592 2418 683 2457 litt.
716 2418 753 2458 Β
784 2429 873 2458 om.
906 2419 940 2459 A
975 2430 1122 2470 aeque
1154 2430 1211 2460 ac
1245 2424 1306 2469 72,
1327 2424 1378 2459 16
1587 2420 1613 2459 6
1645 2430 1757 2470 gau-

65 2475 225 2515 demus
257 2478 368 2516 ante
401 2480 505 2526 post
534 2488 646 2527 ροη.
672 2477 706 2517 Α
815 2477 841 2517 6
875 2478 1000 2519 nolet
1023 2479 1060 2519 Β
1091 2479 1234 2519 nollet
1260 2478 1297 2520 C
1411 2479 1434 2518 7
1470 2489 1563 2518 non
1597 2479 1757 2519 volun-

65 2535 176 2574 taria
206 2534 286 2575 PA
322 2536 626 2576 involuntaria
660 2535 740 2577 CB
895 2537 921 2577 9
954 2539 1182 2587 quaedam
1214 2539 1370 2589 suppl.
1403 2531 1464 2579 A²
1556 2539 1663 2598 hoc·
1679 2538 1760 2580 CB

126 2593 293 2634 10—11
330 2605 422 2636 sec.
455 2599 525 2636 est
557 2598 739 2646 transp.
772 2596 806 2636 A
1004 2597 1056 2637 12
1089 2601 1195 2637 sunt
1227 2597 1277 2638 11.
1310 2595 1376 2647 (h.
1409 2596 1473 2647 ο.)
1505 2598 1540 2639 Α
1664 2609 1758 2639 non

64 2653 366 2693 voluntarium
384 2685 395 2695 .
414 2684 424 2695 .
441 2655 793 2695 involuntarium
811 2655 896 2697 PC
926 2656 1148 2698 involunt.
1182 2687 1192 2698 .
1212 2687 1221 2697 .
1240 2668 1335 2697 non
1359 2657 1533 2699 volunt.
1555 2654 1620 2707 (h.
1640 2656 1704 2708 ο.)
1722 2659 1756 2699 Α

65 2723 160 2752 non
183 2712 475 2755 voluntarii..
493 2715 837 2755 involuntariiB
939 2715 991 2755 15
1017 2717 1139 2756 enim
1160 2710 1215 2757 C¹
1242 2727 1361 2757 corr.
1381 2711 1492 2758 C²“‘-’
1585 2717 1639 2757 19
1664 2729 1758 2758 non

65 2771 207 2812 om.A
278 2768 352 2820 sit]
386 2771 437 2813 iit
458 2773 496 2814 Β
598 2774 770 2814 19-20
803 2774 1015 2824 affiigens
1044 2772 1118 2824 sit]
1153 2779 1223 2816 est
1249 2776 1463 2826 affligens
1487 2777 1522 2817 A
1625 2777 1681 2817 20
1713 2782 1759 2819 et

63 2831 219 2882 suppl.
254 2824 365 2872 C¹-²
454 2833 561 2874 item
594 2834 627 2874 A
726 2837 796 2874 est
827 2845 916 2875 om.
949 2835 983 2875 A
1134 2834 1190 2875 22
1223 2835 1355 2876 fuerit
1387 2836 1480 2886 ign.
1514 2847 1654 2877 causa
1685 2837 1758 2878 Ho

66 2889 198 2931 fuerit
236 2900 376 2930 causa
407 2891 500 2941 ign.
533 2889 599 2943 (h.
633 2891 696 2942 o.)
728 2893 763 2934 A
810 2893 988 2934 fuerunt
1029 2895 1120 2944 ign.
1154 2905 1294 2935 causa
1326 2894 1411 2936 PC
1452 2896 1632 2938 fuerunt
1663 2897 1758 2947 ign.

67 2959 235 2990 causae
266 2950 303 2990 B
423 2950 479 2991 26
512 2955 606 2992 erat
638 2953 675 2993 B

163 3026 333 3061 Nemes».
362 3027 415 3061 ab
441 3027 598 3063 Alfano
623 3029 768 3064 transi.
796 3029 861 3064 ed.
891 3030 1109 3065 Burkhard
1463 3031 1490 3070 8
