1982 3172
244 99 328 146 DE
361 97 776 145 IRRATIONALI
810 95 1065 143 ANIMAE
1099 95 1308 143 PARTE
1341 93 1479 142 CAP.
1507 94 1615 141 XVI
1704 102 1774 152 93

0 369 3 372 -
83 323 199 392 DE
249 323 776 391 IRRATIONALI
824 321 1154 389 ΑΝΙΜΑΕ
1210 320 1484 388 PARTE
1536 318 1772 403 QUAE

0 422 2 424 ’
631 412 736 480 ΕΤ
784 410 1230 480 PASSlBlLlS
1464 430 1467 434 ·

322 502 427 569 ET
475 500 983 570 APPETIBILIS
1017 499 1527 569 NOMINATUR
1799 575 1862 622 16

145 638 384 695 Quidam
424 646 608 690 autem
652 651 749 701 per
790 652 848 688 se
889 651 1011 688 esse
1052 636 1248 688 volunt
1288 635 1765 687 irrationalitatem
1808 646 1824 685 1

34 714 230 765 §velut
285 714 611 765 existentem
670 712 1044 763 irrationalem
1085 712 1326 762 animam
1370 709 1767 773 rationalisque

75 802 188 839 non
222 801 344 839 esse
383 794 611 851 partem.
659 787 842 837 Primo
882 786 1123 850 quidem,
1161 790 1311 853 quod
1347 804 1441 853 per
1474 803 1534 840 se
1568 791 1623 839 in
1658 790 1770 840 ani-

77 863 314 914 malibus
342 862 810 914 irrationabilibus
841 863 1131 913 invenitur.
1164 861 1243 912 Ex
1276 875 1385 924 quo
1418 867 1584 924 patet,
1615 860 1764 924 quod

76 935 341 1000 perfectio
385 936 658 1000 quaedam
704 937 775 987 sit
814 941 869 987 et
911 949 1023 986 non
1068 949 1197 997 pars
1241 934 1493 992 alterius;
1547 934 1763 992 deinde,

76 1010 224 1075 quod
279 1010 445 1062 valde
505 1011 574 1061 sit
615 1011 1009 1061 inconveniens
1052 1009 1340 1061 rationalis
1385 1015 1597 1072 partem
1641 1022 1764 1059 esse

0 1099 53 1136 ιιο
75 1085 405 1137 irrationale.
444 1084 884 1137 Aristoteles
917 1090 1104 1135 autem
1139 1089 1353 1147 partem
1387 1097 1511 1135 esse
1548 1083 1678 1134 dicit
1711 1089 1765 1134 et
1803 1093 1827 1132 2

73 1161 333 1212 virtutem
359 1166 413 1211 et
444 1159 643 1211 dividit
672 1161 726 1210 in
759 1159 871 1210 duo
901 1164 963 1210 ut
993 1159 1387 1223 praediximus.
1427 1157 1536 1209 Sed
1562 1171 1764 1209 vocan-

76 1240 162 1286 tur
185 1234 321 1285 haec
349 1235 711 1286 communiter
739 1233 1054 1297 appetibile.
1095 1233 1274 1284 Huius
1301 1247 1435 1284 vero
1463 1239 1548 1284 est
1572 1238 1626 1284 et
1649 1247 1765 1283 mo-

76 1315 164 1360 tus
192 1309 262 1359 ad
297 1309 576 1373 placitum.
616 1309 915 1372 Appetitus
948 1309 1093 1359 enim
1126 1309 1388 1359 motionis
1418 1314 1505 1359 est
1533 1308 1764 1358 initium.

73 1384 409 1447 Appetentia
447 1397 685 1447 namque
728 1383 989 1434 animalia
1030 1389 1271 1446 aguntur
1312 1382 1384 1433 ad
1426 1389 1638 1433 motum
1682 1396 1764 1433 se-

15 1473 52 1507 15
76 1458 315 1508 cundum
338 1457 618 1521 placitum.
657 1457 978 1509 Irrationale
1003 1471 1135 1509 vero
1163 1458 1270 1508 hoc
1297 1457 1520 1521 quidem
1547 1462 1763 1508 estnon
1801 1468 1826 1508 3

74 1532 377 1583 oboediens
429 1533 643 1591 rationi,
696 1532 803 1583 hoc
839 1539 1023 1583 autem
1081 1532 1400 1583 oboediens
1451 1531 1763 1595 lterumque
1800 1543 1825 1582 4

74 1606 377 1658 oboediens
411 1607 610 1658 rationi
651 1607 918 1659 dividitur
952 1608 1007 1657 in
1047 1607 1176 1666 duo,
1213 1608 1268 1657 in
1307 1606 1675 1658 desiderabile
1710 1614 1763 1657 et

73 1681 361 1732 irascibile.
410 1681 548 1733 Sunt
588 1688 773 1733 autem
813 1682 1178 1733 instrumenta
1219 1681 1606 1733 desiderabilis
1647 1683 1763 1744 qui·
1801 1693 1825 1731 5

75 1755 216 1814 dem,
246 1756 395 1819 quod
430 1756 495 1807 fit
527 1770 624 1820 per
658 1756 1093 1815 sensibilitatem,
1125 1757 1313 1819 hepar,
1346 1756 1638 1807 irascibilis
1668 1770 1763 1806 au-

7 1845 52 1881 :20
73 1836 182 1880 tem
220 1843 327 1888 cor,
367 1830 565 1881 durum
603 1831 910 1882 membrum
949 1838 1276 1898 motumque
1310 1830 1634 1882 naturaliter
1674 1845 1762 1881 su·

74 1905 312 1967 scipiens
338 1904 407 1954 ad
442 1904 639 1955 durum
671 1906 955 1957 servitium
984 1912 1041 1957 et
1071 1905 1271 1957 fortem
1302 1912 1514 1957 motum
1542 1905 1762 1956 ordina-

75 1985 207 2037 tum,
232 1985 292 2030 ut
307 1980 492 2042 hepar,
517 1980 683 2030 molle
697 1981 883 2032 viscus
906 1983 1151 2032 existens
1173 1981 1359 2032 mollis
1377 1981 1637 2032 desiderii
1653 1981 1766 2032 fac-

74 2059 190 2104 tum
212 2060 296 2104 est
318 2054 758 2106 instrumentum.
793 2054 1074 2107 Vocantur
1095 2062 1280 2108 autem
1305 2057 1442 2107 haec
1464 2055 1763 2107 oboedien-
1799 2065 1825 2104 6

149 2280 262 2320 1—3
301 2280 372 2322 De
411 2281 658 2321 irrationali
698 2282 880 2322 animae
921 2286 1061 2331 parte,
1101 2294 1223 2333 quae
1265 2287 1310 2324 et
1343 2283 1576 2332 passibilis
1609 2286 1654 2323 et
1686 2293 1765 2331 ap·

74 2340 275 2388 petibilis
314 2341 576 2380 nominatur
615 2351 701 2391 eqo
741 2340 811 2381 De
852 2342 1148 2382 irrationabili
1190 2339 1257 2391 (bi
1290 2344 1381 2384 del.
1413 2355 1472 2383 m.
1508 2339 1549 2392 1)
1583 2343 1767 2382 animae

72 2402 223 2448 parte,
268 2410 389 2449 quae
434 2401 669 2449 pascibilis
715 2404 760 2440 et
806 2401 1107 2450 appetitibilis
1150 2403 1412 2443 nominatur
1443 2402 1483 2442 P
1524 2401 1640 2442 *⁴¹20
1670 2402 1766 2452 fere

71 2459 162 2499 litt.
186 2459 222 2499 A
256 2464 301 2499 11
337 2460 435 2510 fere
467 2461 558 2500 litt.
584 2460 621 2500 B
753 2459 780 2499 4
812 2471 918 2501 esse
950 2472 1039 2502 om.
1065 2461 1150 2502 ΑΒ
1211 2461 1650 2502 irrationabilitatem
1684 2461 1766 2501 ΡΒ

132 2517 156 2557 5
189 2519 373 2559 animae
402 2518 441 2559 Β
652 2519 678 2559 6
712 2520 839 2569 quod
871 2531 960 2561 om.
992 2521 1030 2561 Β
1241 2521 1266 2561 7
1300 2521 1637 2561 irrationalibus
1669 2520 1703 2561 A

75 2575 128 2615 10
160 2577 468 2630 irrationabile
501 2575 568 2627 (bi
601 2580 690 2619 del.
723 2590 782 2619 m.
813 2576 858 2629 3)
891 2579 931 2620 P
1124 2591 1230 2621 esse
1264 2581 1372 2620 dicit
1405 2582 1590 2631 transp.
1622 2580 1707 2621 AB

74 2635 246 2677 11—12
277 2641 465 2678 vocatur
495 2638 585 2679 hoc
616 2638 699 2679 AB
880 2638 1052 2679 12—13
1085 2643 1155 2680 est
1183 2642 1298 2690 post
1329 2643 1480 2679 motus
1508 2651 1622 2690 pon.
1653 2640 1691 2680 Β

74 2694 126 2735 13
160 2696 378 2736 motionis
409 2701 479 2738 est
509 2699 693 2749 transp.
718 2698 754 2738 A
880 2697 933 2738 15
966 2699 1226 2739 irrationale
1258 2695 1425 2750 (supra
1455 2710 1482 2739 e
1507 2710 1628 2740 eras.
1659 2696 1701 2749 ⁴)
1728 2699 1768 2740 Ρ

146 2754 200 2795 16
233 2752 403 2804 autem]
435 2767 544 2798 vero
576 2757 614 2798 Β
776 2757 828 2797 17
858 2759 973 2808 post
1004 2758 1094 2799 div.
1127 2759 1240 2801 add.
1273 2762 1425 2799 autem
1458 2757 1496 2799 Β
1617 2770 1763 2810 supra

71 2813 216 2855 desid.
250 2825 338 2855 scr.
371 2814 419 2855 id
449 2820 519 2857 est
551 2817 916 2866 concupiscibile
948 2810 1008 2857 12⁸
1130 2816 1186 2857 20
1219 2818 1379 2858 durum
1412 2818 1493 2858 ΡΑ
1528 2819 1703 2859 aurium
1727 2819 1765 2859 Β

130 2872 181 2913 21
219 2873 377 2913 durum
411 2875 450 2915 Ρ
478 2877 652 2916 aurium
685 2876 768 2917 AB
890 2875 945 2916 22
979 2888 1089 2926 epar
1121 2877 1201 2917 ΡΑ
1235 2881 1329 2918 erat
1361 2877 1398 2918 Β
1473 2878 1648 2918 viscum
1683 2878 1765 2918 AB

160 2931 216 2972 23
250 2933 364 2974 haec
398 2946 486 2975 om.
519 2935 602 2975 AB
