<?xml version="1.0" encoding="UTF-8"?>
<!DOCTYPE html PUBLIC "-//W3C//DTD XHTML 1.0 Transitional//EN"
    "http://www.w3.org/TR/xhtml1/DTD/xhtml1-transitional.dtd">
<html xmlns="http://www.w3.org/1999/xhtml" xml:lang="en" lang="en">
 <head>
  <title>
</title>
<meta http-equiv="Content-Type" content="text/html;charset=utf-8" />
  <meta name='ocr-system' content='tesseract 3.04.00' />
  <meta name='ocr-capabilities' content='ocr_page ocr_carea ocr_par ocr_line ocrx_word'/>
</head>
<body>
  <div class='ocr_page' id='page_1' title='image "./nemesiiepiscopip00nemeuoft_0126.png"; bbox 0 0 1982 3172; ppageno 0'>
   <div class='ocr_carea' id='block_1_1' title="bbox 198 103 1522 161">
    <p class='ocr_par' dir='ltr' id='par_1_1' title="bbox 198 103 1522 161">
     <span class='ocr_line' id='line_1_1' title="bbox 198 103 1522 161; baseline 0 -8"><span class='ocrx_word' id='word_1_1' title='bbox 198 112 300 161; x_wconf 91' lang='lat'>110</span> <span class='ocrx_word' id='word_1_2' title='bbox 560 103 817 151; x_wconf 83' lang='lat' dir='ltr'>NEMESII</span> <span class='ocrx_word' id='word_1_3' title='bbox 850 104 1165 152; x_wconf 85' lang='lat' dir='ltr'>PREMNON</span> <span class='ocrx_word' id='word_1_4' title='bbox 1199 106 1522 154; x_wconf 88' lang='lat' dir='ltr'>PHYSICON</span> 
     </span>
    </p>
   </div>
   <div class='ocr_carea' id='block_1_2' title="bbox 137 242 1949 1269">
    <p class='ocr_par' dir='ltr' id='par_1_2' title="bbox 194 242 1949 751">
     <span class='ocr_line' id='line_1_2' title="bbox 194 242 1876 308; baseline 0.003 -17"><span class='ocrx_word' id='word_1_5' title='bbox 194 242 529 305; x_wconf 89' lang='lat' dir='ltr'>vituperatio</span> <span class='ocrx_word' id='word_1_6' title='bbox 558 243 911 305; x_wconf 81' lang='lat' dir='ltr'><strong>consequitur</strong></span> <span class='ocrx_word' id='word_1_7' title='bbox 942 248 996 293; x_wconf 91' lang='lat' dir='ltr'>et</span> <span class='ocrx_word' id='word_1_8' title='bbox 1025 255 1215 292; x_wconf 91' lang='lat' dir='ltr'>earum</span> <span class='ocrx_word' id='word_1_9' title='bbox 1247 243 1351 293; x_wconf 93' lang='lat' dir='ltr'>hae</span> <span class='ocrx_word' id='word_1_10' title='bbox 1385 243 1606 306; x_wconf 91' lang='lat' dir='ltr'>quidem</span> <span class='ocrx_word' id='word_1_11' title='bbox 1637 251 1876 308; x_wconf 85' lang='lat' dir='ltr'>aguntur</span> 
     </span>
     <span class='ocr_line' id='line_1_3' title="bbox 195 315 1876 383; baseline 0.003 -17"><span class='ocrx_word' id='word_1_12' title='bbox 195 329 319 365; x_wconf 87' lang='lat' dir='ltr'>cum</span> <span class='ocrx_word' id='word_1_13' title='bbox 346 315 725 375; x_wconf 84' lang='lat' dir='ltr'>delectatione,</span> <span class='ocrx_word' id='word_1_14' title='bbox 754 317 859 367; x_wconf 92' lang='lat' dir='ltr'>hae</span> <span class='ocrx_word' id='word_1_15' title='bbox 885 330 1019 367; x_wconf 93' lang='lat' dir='ltr'>vero</span> <span class='ocrx_word' id='word_1_16' title='bbox 1050 330 1173 367; x_wconf 92' lang='lat' dir='ltr'>cum</span> <span class='ocrx_word' id='word_1_17' title='bbox 1202 316 1525 377; x_wconf 79' lang='lat' dir='ltr'>afflictione,</span> <span class='ocrx_word' id='word_1_18' title='bbox 1553 324 1607 370; x_wconf 89' lang='lat' dir='ltr'>et</span> <span class='ocrx_word' id='word_1_19' title='bbox 1629 319 1734 370; x_wconf 90' lang='lat' dir='ltr'>hae</span> <span class='ocrx_word' id='word_1_20' title='bbox 1759 320 1876 383; x_wconf 91' lang='lat' dir='ltr'>qui-</span> 
     </span>
     <span class='ocr_line' id='line_1_4' title="bbox 197 389 1877 456; baseline 0.003 -17"><span class='ocrx_word' id='word_1_21' title='bbox 197 389 322 440; x_wconf 91' lang='lat' dir='ltr'>dem</span> <span class='ocrx_word' id='word_1_22' title='bbox 348 395 475 441; x_wconf 90' lang='lat' dir='ltr'>sunt</span> <span class='ocrx_word' id='word_1_23' title='bbox 506 389 786 453; x_wconf 82' lang='lat' dir='ltr'>placentes</span> <span class='ocrx_word' id='word_1_24' title='bbox 815 392 1081 453; x_wconf 91' lang='lat' dir='ltr'>operanti,</span> <span class='ocrx_word' id='word_1_25' title='bbox 1110 390 1376 442; x_wconf 90' lang='lat' dir='ltr'>haevero</span> <span class='ocrx_word' id='word_1_26' title='bbox 1407 391 1775 456; x_wconf 76' lang='lat' dir='ltr'>displicentes</span> <span class='ocrx_word' id='word_1_27' title='bbox 1811 393 1877 444; x_wconf 93' lang='lat' dir='ltr'>Et</span> 
     </span>
     <span class='ocr_line' id='line_1_5' title="bbox 197 463 1876 529; baseline 0.003 -16"><span class='ocrx_word' id='word_1_28' title='bbox 197 463 531 526; x_wconf 90' lang='lat' dir='ltr'>placentium</span> <span class='ocrx_word' id='word_1_29' title='bbox 572 464 677 514; x_wconf 88' lang='lat' dir='ltr'>hae</span> <span class='ocrx_word' id='word_1_30' title='bbox 723 464 945 527; x_wconf 90' lang='lat' dir='ltr'>quidem</span> <span class='ocrx_word' id='word_1_31' title='bbox 1005 471 1132 517; x_wconf 94' lang='lat' dir='ltr'>sunt</span> <span class='ocrx_word' id='word_1_32' title='bbox 1176 479 1393 528; x_wconf 86' lang='lat' dir='ltr'>semper</span> <span class='ocrx_word' id='word_1_33' title='bbox 1436 466 1730 529; x_wconf 82' lang='lat' dir='ltr'>pla-oenteS,</span> <span class='ocrx_word' id='word_1_34' title='bbox 1772 467 1876 518; x_wconf 89' lang='lat' dir='ltr'>hae</span> 
     </span>
     <span class='ocr_line' id='line_1_6' title="bbox 195 537 1949 604; baseline 0.002 -16"><span class='ocrx_word' id='word_1_35' title='bbox 195 552 327 588; x_wconf 90' lang='lat' dir='ltr'>vero</span> <span class='ocrx_word' id='word_1_36' title='bbox 373 537 676 589; x_wconf 91' lang='lat' dir='ltr'>secundum</span> <span class='ocrx_word' id='word_1_37' title='bbox 722 538 949 602; x_wconf 91' lang='lat' dir='ltr'>aliquod</span> <span class='ocrx_word' id='word_1_38' title='bbox 993 545 1239 603; x_wconf 88' lang='lat' dir='ltr'>tempus;</span> <span class='ocrx_word' id='word_1_39' title='bbox 1286 540 1533 592; x_wconf 90' lang='lat' dir='ltr'>similiter</span> <span class='ocrx_word' id='word_1_40' title='bbox 1577 546 1631 592; x_wconf 89' lang='lat' dir='ltr'>et</span> <span class='ocrx_word' id='word_1_41' title='bbox 1686 541 1876 604; x_wconf 85' lang='lat' dir='ltr'>displi-</span> <span class='ocrx_word' id='word_1_42' title='bbox 1926 557 1949 591; x_wconf 87' lang='lat'><strong>5</strong></span> 
     </span>
     <span class='ocr_line' id='line_1_7' title="bbox 198 611 1878 677; baseline 0.003 -16"><span class='ocrx_word' id='word_1_43' title='bbox 198 613 451 663; x_wconf 90' lang='lat' dir='ltr'>centium.</span> <span class='ocrx_word' id='word_1_44' title='bbox 491 611 556 663; x_wconf 94' lang='lat' dir='ltr'>Et</span> <span class='ocrx_word' id='word_1_45' title='bbox 589 613 785 664; x_wconf 84' lang='lat' dir='ltr'>iterum</span> <span class='ocrx_word' id='word_1_46' title='bbox 820 615 1204 676; x_wconf 89' lang='lat' dir='ltr'>operationum</span> <span class='ocrx_word' id='word_1_47' title='bbox 1237 614 1342 664; x_wconf 91' lang='lat' dir='ltr'>hae</span> <span class='ocrx_word' id='word_1_48' title='bbox 1377 614 1598 677; x_wconf 91' lang='lat' dir='ltr'>quidem</span> <span class='ocrx_word' id='word_1_49' title='bbox 1632 621 1759 666; x_wconf 91' lang='lat' dir='ltr'>sunt</span> <span class='ocrx_word' id='word_1_50' title='bbox 1785 629 1878 666; x_wconf 92' lang='lat' dir='ltr'>ve-</span> 
     </span>
     <span class='ocr_line' id='line_1_8' title="bbox 197 685 1879 751; baseline 0.003 -16"><span class='ocrx_word' id='word_1_51' title='bbox 197 685 387 744; x_wconf 83' lang='lat' dir='ltr'>nialeS,</span> <span class='ocrx_word' id='word_1_52' title='bbox 431 686 575 737; x_wconf 91' lang='lat' dir='ltr'>aliae</span> <span class='ocrx_word' id='word_1_53' title='bbox 617 701 750 738; x_wconf 91' lang='lat' dir='ltr'>vero</span> <span class='ocrx_word' id='word_1_54' title='bbox 794 689 958 739; x_wconf 91' lang='lat' dir='ltr'>venia</span> <span class='ocrx_word' id='word_1_55' title='bbox 1001 687 1277 751; x_wconf 85' lang='lat' dir='ltr'>indignae,</span> <span class='ocrx_word' id='word_1_56' title='bbox 1321 689 1426 739; x_wconf 93' lang='lat' dir='ltr'>hae</span> <span class='ocrx_word' id='word_1_57' title='bbox 1469 702 1601 740; x_wconf 92' lang='lat' dir='ltr'>vero</span> <span class='ocrx_word' id='word_1_58' title='bbox 1643 688 1879 740; x_wconf 92' lang='lat' dir='ltr'>odibiles</span> 
     </span>
    </p>

    <p class='ocr_par' dir='ltr' id='par_1_3' title="bbox 139 754 1949 974">
     <span class='ocr_line' id='line_1_9' title="bbox 139 754 1878 827; baseline 0.002 -17"><span class='ocrx_word' id='word_1_59' title='bbox 139 770 163 809; x_wconf 83' lang='lat'>4</span> <span class='ocrx_word' id='word_1_60' title='bbox 198 767 251 811; x_wconf 93' lang='lat' dir='ltr'>et</span> <span class='ocrx_word' id='word_1_61' title='bbox 293 754 705 812; x_wconf 74' lang='lat' dir='ltr'>tormentantes.</span> <span class='ocrx_word' id='word_1_62' title='bbox 760 761 879 812; x_wconf 92' lang='lat' dir='ltr'>Sint</span> <span class='ocrx_word' id='word_1_63' title='bbox 920 763 1088 825; x_wconf 87' lang='lat' dir='ltr'>igitur</span> <span class='ocrx_word' id='word_1_64' title='bbox 1129 762 1333 813; x_wconf 90' lang='lat' dir='ltr'>indicia</span> <span class='ocrx_word' id='word_1_65' title='bbox 1373 762 1686 822; x_wconf 89' lang='lat' dir='ltr'>voluntarii,</span> <span class='ocrx_word' id='word_1_66' title='bbox 1730 764 1878 827; x_wconf 93' lang='lat' dir='ltr'>quod</span> 
     </span>
     <span class='ocr_line' id='line_1_10' title="bbox 199 835 1876 900; baseline 0.002 -17"><span class='ocrx_word' id='word_1_67' title='bbox 199 835 422 885; x_wconf 92' lang='lat' dir='ltr'>omnino</span> <span class='ocrx_word' id='word_1_68' title='bbox 454 836 811 899; x_wconf 87' lang='lat' dir='ltr'>consequitur</span> <span class='ocrx_word' id='word_1_69' title='bbox 840 835 963 886; x_wconf 91' lang='lat' dir='ltr'>laus</span> <span class='ocrx_word' id='word_1_70' title='bbox 997 842 1093 887; x_wconf 90' lang='lat' dir='ltr'>aut</span> <span class='ocrx_word' id='word_1_71' title='bbox 1123 837 1459 899; x_wconf 91' lang='lat' dir='ltr'>vituperatio</span> <span class='ocrx_word' id='word_1_72' title='bbox 1490 842 1546 887; x_wconf 91' lang='lat' dir='ltr'>et</span> <span class='ocrx_word' id='word_1_73' title='bbox 1577 836 1725 900; x_wconf 94' lang='lat' dir='ltr'>quod</span> <span class='ocrx_word' id='word_1_74' title='bbox 1756 851 1876 887; x_wconf 89' lang='lat' dir='ltr'>cum</span> 
     </span>
     <span class='ocr_line' id='line_1_11' title="bbox 197 908 1949 974; baseline 0.003 -17"><span class='ocrx_word' id='word_1_75' title='bbox 197 908 560 960; x_wconf 90' lang='lat' dir='ltr'>delectatione</span> <span class='ocrx_word' id='word_1_76' title='bbox 587 911 768 973; x_wconf 84' lang='lat' dir='ltr'>agitur</span> <span class='ocrx_word' id='word_1_77' title='bbox 800 912 1152 974; x_wconf 88' lang='lat' dir='ltr'>operationes</span> <span class='ocrx_word' id='word_1_78' title='bbox 1183 910 1462 973; x_wconf 84' lang='lat' dir='ltr'>placentes</span> <span class='ocrx_word' id='word_1_79' title='bbox 1492 925 1616 962; x_wconf 89' lang='lat' dir='ltr'>esse</span> <span class='ocrx_word' id='word_1_80' title='bbox 1647 925 1878 974; x_wconf 93' lang='lat' dir='ltr'>operan-</span> <span class='ocrx_word' id='word_1_81' title='bbox 1906 926 1949 961; x_wconf 89' lang='lat'>10</span> 
     </span>
    </p>

    <p class='ocr_par' dir='ltr' id='par_1_4' title="bbox 138 983 1879 1122">
     <span class='ocr_line' id='line_1_12' title="bbox 138 983 1879 1049; baseline 0.002 -17"><span class='ocrx_word' id='word_1_82' title='bbox 138 993 161 1031; x_wconf 91' lang='lat'><strong>5</strong></span> <span class='ocrx_word' id='word_1_83' title='bbox 196 983 358 1033; x_wconf 86' lang='lat' dir='ltr'>tibuS.</span> <span class='ocrx_word' id='word_1_84' title='bbox 403 983 762 1035; x_wconf 91' lang='lat' dir='ltr'>Involuntarii</span> <span class='ocrx_word' id='word_1_85' title='bbox 798 998 931 1035; x_wconf 91' lang='lat' dir='ltr'>vero</span> <span class='ocrx_word' id='word_1_86' title='bbox 968 986 1075 1036; x_wconf 90' lang='lat' dir='ltr'>sint</span> <span class='ocrx_word' id='word_1_87' title='bbox 1111 985 1327 1044; x_wconf 91' lang='lat' dir='ltr'>indicia,</span> <span class='ocrx_word' id='word_1_88' title='bbox 1365 985 1514 1048; x_wconf 92' lang='lat' dir='ltr'>quod</span> <span class='ocrx_word' id='word_1_89' title='bbox 1550 985 1779 1049; x_wconf 82' lang='lat' dir='ltr'>dignum</span> <span class='ocrx_word' id='word_1_90' title='bbox 1813 985 1879 1037; x_wconf 85' lang='lat' dir='ltr'>fit</span> 
     </span>
     <span class='ocr_line' id='line_1_13' title="bbox 196 1058 1878 1122; baseline 0.002 -15"><span class='ocrx_word' id='word_1_91' title='bbox 196 1058 358 1108; x_wconf 87' lang='lat' dir='ltr'>venia</span> <span class='ocrx_word' id='word_1_92' title='bbox 388 1058 477 1108; x_wconf 90' lang='lat' dir='ltr'>vel</span> <span class='ocrx_word' id='word_1_93' title='bbox 513 1059 892 1109; x_wconf 91' lang='lat' dir='ltr'>misericordia</span> <span class='ocrx_word' id='word_1_94' title='bbox 923 1065 977 1110; x_wconf 91' lang='lat' dir='ltr'>et</span> <span class='ocrx_word' id='word_1_95' title='bbox 1014 1059 1163 1122; x_wconf 90' lang='lat' dir='ltr'>quod</span> <span class='ocrx_word' id='word_1_96' title='bbox 1198 1061 1381 1122; x_wconf 87' lang='lat' dir='ltr'>agitur</span> <span class='ocrx_word' id='word_1_97' title='bbox 1416 1074 1538 1110; x_wconf 92' lang='lat' dir='ltr'>cum</span> <span class='ocrx_word' id='word_1_98' title='bbox 1570 1059 1878 1111; x_wconf 85' lang='lat' dir='ltr'>afflictione</span> 
     </span>
    </p>

    <p class='ocr_par' dir='ltr' id='par_1_5' title="bbox 137 1132 1877 1269">
     <span class='ocr_line' id='line_1_14' title="bbox 137 1132 1877 1196; baseline 0.002 -16"><span class='ocrx_word' id='word_1_99' title='bbox 137 1141 162 1179; x_wconf 81' lang='grc'>6</span> <span class='ocrx_word' id='word_1_100' title='bbox 196 1138 248 1182; x_wconf 89' lang='lat' dir='ltr'>et</span> <span class='ocrx_word' id='word_1_101' title='bbox 284 1132 432 1195; x_wconf 88' lang='lat' dir='ltr'>quod</span> <span class='ocrx_word' id='word_1_102' title='bbox 471 1146 584 1183; x_wconf 93' lang='lat' dir='ltr'>non</span> <span class='ocrx_word' id='word_1_103' title='bbox 621 1133 815 1195; x_wconf 89' lang='lat' dir='ltr'>placet.</span> <span class='ocrx_word' id='word_1_104' title='bbox 866 1133 965 1184; x_wconf 92' lang='lat' dir='ltr'>His</span> <span class='ocrx_word' id='word_1_105' title='bbox 1002 1135 1169 1196; x_wconf 88' lang='lat' dir='ltr'>igitur</span> <span class='ocrx_word' id='word_1_106' title='bbox 1208 1135 1285 1185; x_wconf 90' lang='lat' dir='ltr'>sic</span> <span class='ocrx_word' id='word_1_107' title='bbox 1321 1134 1696 1185; x_wconf 90' lang='lat' dir='ltr'>determinatis</span> <span class='ocrx_word' id='word_1_108' title='bbox 1732 1134 1877 1184; x_wconf 84' lang='lat' dir='ltr'>dica-</span> 
     </span>
     <span class='ocr_line' id='line_1_15' title="bbox 195 1206 1024 1269; baseline 0.005 -15"><span class='ocrx_word' id='word_1_109' title='bbox 195 1220 318 1255; x_wconf 89' lang='lat' dir='ltr'>mus</span> <span class='ocrx_word' id='word_1_110' title='bbox 348 1207 500 1269; x_wconf 92' lang='lat' dir='ltr'>prius</span> <span class='ocrx_word' id='word_1_111' title='bbox 536 1206 603 1258; x_wconf 93' lang='lat' dir='ltr'>de</span> <span class='ocrx_word' id='word_1_112' title='bbox 636 1207 1024 1258; x_wconf 83' lang='lat' dir='ltr'>involuntario,</span> 
     </span>
    </p>
   </div>
   <div class='ocr_carea' id='block_1_3' title="bbox 107 1427 1953 1550">
    <p class='ocr_par' dir='ltr' id='par_1_6' title="bbox 107 1427 1953 1550">
     <span class='ocr_line' id='line_1_16' title="bbox 107 1427 1953 1550; baseline 0.002 -58"><span class='ocrx_word' id='word_1_113' title='bbox 107 1501 176 1550; x_wconf 84' lang='lat'>30</span> <span class='ocrx_word' id='word_1_114' title='bbox 646 1427 764 1494; x_wconf 90' lang='lat' dir='ltr'>DE</span> <span class='ocrx_word' id='word_1_115' title='bbox 810 1427 1439 1495; x_wconf 76' lang='lat' dir='ltr'>INVOLUNTARIO</span> <span class='ocrx_word' id='word_1_116' title='bbox 1909 1461 1953 1496; x_wconf 72' lang='grc' dir='ltr'>ιε»</span> 
     </span>
    </p>
   </div>
   <div class='ocr_carea' id='block_1_4' title="bbox 67 1561 1948 2220">
    <p class='ocr_par' dir='ltr' id='par_1_7' title="bbox 67 1561 1878 1775">
     <span class='ocr_line' id='line_1_17' title="bbox 67 1561 1878 1626; baseline 0.001 -14"><span class='ocrx_word' id='word_1_117' title='bbox 67 1597 70 1601; x_wconf 83' lang='lat'>-</span> <span class='ocrx_word' id='word_1_118' title='bbox 144 1573 159 1612; x_wconf 92' lang='lat'>1</span> <span class='ocrx_word' id='word_1_119' title='bbox 286 1563 646 1614; x_wconf 92' lang='lat' dir='ltr'>Involuntarii</span> <span class='ocrx_word' id='word_1_120' title='bbox 663 1561 771 1614; x_wconf 92' lang='lat' dir='ltr'>hoc</span> <span class='ocrx_word' id='word_1_121' title='bbox 793 1563 1015 1626; x_wconf 91' lang='lat' dir='ltr'>quidem</span> <span class='ocrx_word' id='word_1_122' title='bbox 1037 1570 1122 1614; x_wconf 92' lang='lat' dir='ltr'>est</span> <span class='ocrx_word' id='word_1_123' title='bbox 1145 1577 1242 1626; x_wconf 93' lang='lat' dir='ltr'>per</span> <span class='ocrx_word' id='word_1_124' title='bbox 1264 1563 1600 1622; x_wconf 89' lang='lat' dir='ltr'>violentiam,</span> <span class='ocrx_word' id='word_1_125' title='bbox 1622 1564 1730 1614; x_wconf 92' lang='lat' dir='ltr'>hoc</span> <span class='ocrx_word' id='word_1_126' title='bbox 1746 1577 1878 1614; x_wconf 88' lang='lat' dir='ltr'>vero</span> 
     </span>
     <span class='ocr_line' id='line_1_18' title="bbox 197 1637 1875 1700; baseline 0 -13"><span class='ocrx_word' id='word_1_127' title='bbox 197 1651 293 1700; x_wconf 93' lang='lat' dir='ltr'>per</span> <span class='ocrx_word' id='word_1_128' title='bbox 310 1638 683 1689; x_wconf 89' lang='lat' dir='ltr'>nescientiam.</span> <span class='ocrx_word' id='word_1_129' title='bbox 720 1637 1221 1689; x_wconf 90' lang='lat' dir='ltr'>Involuntariorum</span> <span class='ocrx_word' id='word_1_130' title='bbox 1245 1638 1411 1700; x_wconf 87' lang='lat' dir='ltr'>igitur</span> <span class='ocrx_word' id='word_1_131' title='bbox 1437 1651 1533 1700; x_wconf 91' lang='lat' dir='ltr'>per</span> <span class='ocrx_word' id='word_1_132' title='bbox 1556 1637 1875 1688; x_wconf 88' lang='lat' dir='ltr'>violentiam</span> 
     </span>
     <span class='ocr_line' id='line_1_19' title="bbox 195 1710 1873 1775; baseline -0.001 -14"><span class='ocrx_word' id='word_1_133' title='bbox 195 1711 518 1762; x_wconf 89' lang='lat' dir='ltr'>effectivum</span> <span class='ocrx_word' id='word_1_134' title='bbox 557 1712 887 1775; x_wconf 87' lang='lat' dir='ltr'>principium</span> <span class='ocrx_word' id='word_1_135' title='bbox 925 1712 1166 1763; x_wconf 87' lang='lat' dir='ltr'>exterius</span> <span class='ocrx_word' id='word_1_136' title='bbox 1207 1717 1303 1762; x_wconf 90' lang='lat' dir='ltr'>est.</span> <span class='ocrx_word' id='word_1_137' title='bbox 1351 1711 1521 1761; x_wconf 90' lang='lat' dir='ltr'>Aliud</span> <span class='ocrx_word' id='word_1_138' title='bbox 1560 1712 1704 1761; x_wconf 92' lang='lat' dir='ltr'>enim</span> <span class='ocrx_word' id='word_1_139' title='bbox 1743 1710 1873 1774; x_wconf 91' lang='lat' dir='ltr'>quid</span> 
     </span>
    </p>

    <p class='ocr_par' dir='ltr' id='par_1_8' title="bbox 136 1785 1948 2072">
     <span class='ocr_line' id='line_1_20' title="bbox 136 1785 1875 1849; baseline 0.001 -16"><span class='ocrx_word' id='word_1_140' title='bbox 136 1794 161 1833; x_wconf 92' lang='lat'>2</span> <span class='ocrx_word' id='word_1_141' title='bbox 194 1786 493 1837; x_wconf 92' lang='lat' dir='ltr'>violentiae</span> <span class='ocrx_word' id='word_1_142' title='bbox 534 1785 755 1836; x_wconf 88' lang='lat' dir='ltr'>causale</span> <span class='ocrx_word' id='word_1_143' title='bbox 797 1791 896 1844; x_wconf 91' lang='lat' dir='ltr'>est,</span> <span class='ocrx_word' id='word_1_144' title='bbox 938 1799 1049 1836; x_wconf 93' lang='lat' dir='ltr'>non</span> <span class='ocrx_word' id='word_1_145' title='bbox 1092 1800 1211 1836; x_wconf 76' lang='lat' dir='ltr'>nos,</span> <span class='ocrx_word' id='word_1_146' title='bbox 1266 1785 1546 1836; x_wconf 81' lang='lat' dir='ltr'>Diffinitio</span> <span class='ocrx_word' id='word_1_147' title='bbox 1589 1786 1756 1849; x_wconf 85' lang='lat' dir='ltr'>igitur</span> <span class='ocrx_word' id='word_1_148' title='bbox 1796 1786 1875 1836; x_wconf 90' lang='lat' dir='ltr'>in-</span> 
     </span>
     <span class='ocr_line' id='line_1_21' title="bbox 193 1859 1948 1925; baseline 0.001 -15"><span class='ocrx_word' id='word_1_149' title='bbox 193 1859 492 1911; x_wconf 91' lang='lat' dir='ltr'>voluntarii</span> <span class='ocrx_word' id='word_1_150' title='bbox 519 1874 615 1923; x_wconf 92' lang='lat' dir='ltr'>per</span> <span class='ocrx_word' id='word_1_151' title='bbox 645 1860 966 1911; x_wconf 88' lang='lat' dir='ltr'>violentiam</span> <span class='ocrx_word' id='word_1_152' title='bbox 998 1866 1095 1918; x_wconf 91' lang='lat' dir='ltr'>est,</span> <span class='ocrx_word' id='word_1_153' title='bbox 1129 1861 1283 1910; x_wconf 91' lang='lat' dir='ltr'>cuius</span> <span class='ocrx_word' id='word_1_154' title='bbox 1315 1860 1643 1922; x_wconf 89' lang='lat' dir='ltr'>principium</span> <span class='ocrx_word' id='word_1_155' title='bbox 1667 1865 1758 1925; x_wconf 12' lang='lat' dir='ltr'>*est</span> <span class='ocrx_word' id='word_1_156' title='bbox 1784 1873 1875 1910; x_wconf 88' lang='lat' dir='ltr'>ex·</span> <span class='ocrx_word' id='word_1_157' title='bbox 1902 1876 1948 1911; x_wconf 82' lang='lat'>20</span> 
     </span>
     <span class='ocr_line' id='line_1_22' title="bbox 197 1933 1876 1993; baseline -0.001 -8"><span class='ocrx_word' id='word_1_158' title='bbox 197 1935 366 1985; x_wconf 89' lang='lat' dir='ltr'>terius</span> <span class='ocrx_word' id='word_1_159' title='bbox 400 1934 535 1984; x_wconf 93' lang='lat' dir='ltr'>nihil</span> <span class='ocrx_word' id='word_1_160' title='bbox 576 1934 890 1986; x_wconf 91' lang='lat' dir='ltr'>conferente</span> <span class='ocrx_word' id='word_1_161' title='bbox 929 1948 1009 1993; x_wconf 90' lang='lat' dir='ltr'>e0,</span> <span class='ocrx_word' id='word_1_162' title='bbox 1051 1935 1135 1984; x_wconf 89' lang='lat' dir='ltr'>cui</span> <span class='ocrx_word' id='word_1_163' title='bbox 1173 1934 1438 1985; x_wconf 90' lang='lat' dir='ltr'>violentia</span> <span class='ocrx_word' id='word_1_164' title='bbox 1474 1939 1558 1985; x_wconf 93' lang='lat' dir='ltr'>est</span> <span class='ocrx_word' id='word_1_165' title='bbox 1591 1933 1759 1992; x_wconf 91' lang='lat' dir='ltr'>illata,</span> <span class='ocrx_word' id='word_1_166' title='bbox 1794 1947 1876 1984; x_wconf 92' lang='lat' dir='ltr'>se-</span> 
     </span>
     <span class='ocr_line' id='line_1_23' title="bbox 197 2007 1876 2072; baseline -0.001 -14"><span class='ocrx_word' id='word_1_167' title='bbox 197 2008 436 2059; x_wconf 92' lang='lat' dir='ltr'>cundum</span> <span class='ocrx_word' id='word_1_168' title='bbox 476 2009 760 2072; x_wconf 89' lang='lat' dir='ltr'>proprium</span> <span class='ocrx_word' id='word_1_169' title='bbox 803 2008 1081 2071; x_wconf 89' lang='lat' dir='ltr'>placitum.</span> <span class='ocrx_word' id='word_1_170' title='bbox 1132 2009 1465 2071; x_wconf 91' lang='lat' dir='ltr'>Principium</span> <span class='ocrx_word' id='word_1_171' title='bbox 1505 2021 1638 2058; x_wconf 92' lang='lat' dir='ltr'>vero</span> <span class='ocrx_word' id='word_1_172' title='bbox 1680 2007 1876 2059; x_wconf 92' lang='lat' dir='ltr'>dicitur</span> 
     </span>
    </p>

    <p class='ocr_par' dir='ltr' id='par_1_9' title="bbox 139 2081 1876 2220">
     <span class='ocr_line' id='line_1_24' title="bbox 139 2081 1875 2141; baseline -0.001 -9"><span class='ocrx_word' id='word_1_173' title='bbox 139 2091 164 2131; x_wconf 88' lang='lat'><strong>3</strong></span> <span class='ocrx_word' id='word_1_174' title='bbox 195 2082 283 2132; x_wconf 91' lang='lat' dir='ltr'>hic</span> <span class='ocrx_word' id='word_1_175' title='bbox 309 2082 571 2133; x_wconf 87' lang='lat' dir='ltr'>effectiva</span> <span class='ocrx_word' id='word_1_176' title='bbox 603 2096 784 2133; x_wconf 89' lang='lat' dir='ltr'>causa.</span> <span class='ocrx_word' id='word_1_177' title='bbox 827 2081 1121 2138; x_wconf 90' lang='lat' dir='ltr'>Quaeritur</span> <span class='ocrx_word' id='word_1_178' title='bbox 1153 2088 1353 2141; x_wconf 88' lang='lat' dir='ltr'>autem,</span> <span class='ocrx_word' id='word_1_179' title='bbox 1386 2083 1431 2133; x_wconf 91' lang='lat' dir='ltr'>si</span> <span class='ocrx_word' id='word_1_180' title='bbox 1461 2083 1598 2132; x_wconf 93' lang='lat' dir='ltr'>haec</span> <span class='ocrx_word' id='word_1_181' title='bbox 1623 2081 1875 2132; x_wconf 92' lang='lat' dir='ltr'>involun-</span> 
     </span>
     <span class='ocr_line' id='line_1_25' title="bbox 197 2156 1876 2220; baseline -0.001 -13"><span class='ocrx_word' id='word_1_182' title='bbox 197 2157 338 2207; x_wconf 87' lang='lat' dir='ltr'>taria</span> <span class='ocrx_word' id='word_1_183' title='bbox 373 2157 481 2208; x_wconf 93' lang='lat' dir='ltr'>sint</span> <span class='ocrx_word' id='word_1_184' title='bbox 518 2163 578 2208; x_wconf 94' lang='lat' dir='ltr'>ut</span> <span class='ocrx_word' id='word_1_185' title='bbox 613 2158 854 2208; x_wconf 88' lang='lat' dir='ltr'>iacturae</span> <span class='ocrx_word' id='word_1_186' title='bbox 894 2157 1218 2219; x_wconf 89' lang='lat' dir='ltr'>ponderum,</span> <span class='ocrx_word' id='word_1_187' title='bbox 1258 2171 1395 2220; x_wconf 91' lang='lat' dir='ltr'>quas</span> <span class='ocrx_word' id='word_1_188' title='bbox 1433 2156 1642 2206; x_wconf 81' lang='lat' dir='ltr'>faciunt</span> <span class='ocrx_word' id='word_1_189' title='bbox 1675 2161 1876 2206; x_wconf 89' lang='lat' dir='ltr'>nautae</span> 
     </span>
    </p>
   </div>
   <div class='ocr_carea' id='block_1_5' title="bbox 271 2330 1876 2390">
    <p class='ocr_par' dir='ltr' id='par_1_10' title="bbox 271 2330 1876 2390">
     <span class='ocr_line' id='line_1_26' title="bbox 271 2330 1876 2390; baseline -0.001 -13"><span class='ocrx_word' id='word_1_190' title='bbox 271 2339 288 2377; x_wconf 92' lang='lat'>1</span> <span class='ocrx_word' id='word_1_191' title='bbox 326 2339 415 2378; x_wconf 86' lang='lat' dir='ltr'>hae</span> <span class='ocrx_word' id='word_1_192' title='bbox 447 2339 634 2388; x_wconf 84' lang='lat' dir='ltr'>quidem</span> <span class='ocrx_word' id='word_1_193' title='bbox 667 2341 849 2390; x_wconf 81' lang='lat' dir='ltr'>transp.</span> <span class='ocrx_word' id='word_1_194' title='bbox 874 2339 912 2379; x_wconf 91' lang='grc' dir='ltr'><em>Β</em></span> <span class='ocrx_word' id='word_1_195' title='bbox 1033 2339 1058 2378; x_wconf 93' lang='grc'>3</span> <span class='ocrx_word' id='word_1_196' title='bbox 1091 2342 1197 2378; x_wconf 90' lang='lat' dir='ltr'>sunt</span> <span class='ocrx_word' id='word_1_197' title='bbox 1229 2349 1317 2378; x_wconf 92' lang='lat' dir='ltr'>om.</span> <span class='ocrx_word' id='word_1_198' title='bbox 1345 2332 1403 2378; x_wconf 82' lang='lat' dir='ltr'>Cl</span> <span class='ocrx_word' id='word_1_199' title='bbox 1433 2337 1586 2388; x_wconf 83' lang='lat' dir='ltr'>suppl.</span> <span class='ocrx_word' id='word_1_200' title='bbox 1614 2330 1673 2377; x_wconf 74' lang='lat'>(1²</span> <span class='ocrx_word' id='word_1_201' title='bbox 1702 2338 1756 2376; x_wconf 82' lang='lat' dir='ltr'>ut</span> <span class='ocrx_word' id='word_1_202' title='bbox 1785 2336 1876 2376; x_wconf 79' lang='lat' dir='ltr'>vid.</span> 
     </span>
    </p>
   </div>
   <div class='ocr_carea' id='block_1_6' title="bbox 190 2393 1879 2922">
    <p class='ocr_par' dir='ltr' id='par_1_11' title="bbox 190 2393 1879 2685">
     <span class='ocr_line' id='line_1_27' title="bbox 251 2393 1878 2447; baseline -0.002 -10"><span class='ocrx_word' id='word_1_203' title='bbox 251 2398 459 2446; x_wconf 85' lang='lat' dir='ltr'>operanti</span> <span class='ocrx_word' id='word_1_204' title='bbox 492 2393 527 2446; x_wconf 92' lang='lat' dir='ltr'>(i</span> <span class='ocrx_word' id='word_1_205' title='bbox 558 2409 614 2438; x_wconf 84' lang='lat' dir='ltr'>ex</span> <span class='ocrx_word' id='word_1_206' title='bbox 645 2408 696 2439; x_wconf 91' lang='lat' dir='ltr'>es</span> <span class='ocrx_word' id='word_1_207' title='bbox 729 2409 786 2439; x_wconf 88' lang='lat' dir='ltr'>m.</span> <span class='ocrx_word' id='word_1_208' title='bbox 812 2402 831 2437; x_wconf 91' lang='lat'><em>1</em></span> <span class='ocrx_word' id='word_1_209' title='bbox 867 2400 920 2438; x_wconf 81' lang='lat' dir='ltr'>ut</span> <span class='ocrx_word' id='word_1_210' title='bbox 952 2395 1064 2447; x_wconf 85' lang='lat' dir='ltr'>vid.)</span> <span class='ocrx_word' id='word_1_211' title='bbox 1099 2396 1136 2438; x_wconf 90' lang='lat' dir='ltr'><strong><em>C</em></strong></span> <span class='ocrx_word' id='word_1_212' title='bbox 1291 2397 1318 2436; x_wconf 88' lang='lat'><strong>6</strong></span> <span class='ocrx_word' id='word_1_213' title='bbox 1358 2397 1465 2437; x_wconf 90' lang='lat' dir='ltr'>item</span> <span class='ocrx_word' id='word_1_214' title='bbox 1497 2395 1532 2436; x_wconf 89' lang='lat' dir='ltr'><em>A</em></span> <span class='ocrx_word' id='word_1_215' title='bbox 1701 2394 1726 2434; x_wconf 90' lang='grc'><strong>7</strong></span> <span class='ocrx_word' id='word_1_216' title='bbox 1759 2393 1878 2434; x_wconf 82' lang='lat' dir='ltr'>aliae</span> 
     </span>
     <span class='ocr_line' id='line_1_28' title="bbox 191 2447 1879 2497; baseline -0.001 -2"><span class='ocrx_word' id='word_1_217' title='bbox 191 2455 238 2495; x_wconf 87' lang='lat' dir='ltr'>M</span> <span class='ocrx_word' id='word_1_218' title='bbox 276 2456 365 2497; x_wconf 88' lang='lat' dir='ltr'>hae</span> <span class='ocrx_word' id='word_1_219' title='bbox 395 2456 434 2497; x_wconf 89' lang='grc' dir='ltr'><em>Β</em></span> <span class='ocrx_word' id='word_1_220' title='bbox 556 2467 665 2497; x_wconf 90' lang='lat' dir='ltr'>vero</span> <span class='ocrx_word' id='word_1_221' title='bbox 698 2456 744 2497; x_wconf 88' lang='lat' dir='ltr'>M</span> <span class='ocrx_word' id='word_1_222' title='bbox 784 2460 936 2497; x_wconf 88' lang='lat' dir='ltr'>autem</span> <span class='ocrx_word' id='word_1_223' title='bbox 968 2457 1006 2497; x_wconf 89' lang='grc' dir='ltr'><em>Β</em></span> <span class='ocrx_word' id='word_1_224' title='bbox 1185 2456 1212 2496; x_wconf 92' lang='grc'>8</span> <span class='ocrx_word' id='word_1_225' title='bbox 1244 2457 1538 2496; x_wconf 87' lang='lat' dir='ltr'>tormentatas</span> <span class='ocrx_word' id='word_1_226' title='bbox 1568 2448 1629 2494; x_wconf 91' lang='lat' dir='ltr'>P¹</span> <span class='ocrx_word' id='word_1_227' title='bbox 1667 2465 1786 2494; x_wconf 83' lang='lat' dir='ltr'>corr.</span> <span class='ocrx_word' id='word_1_228' title='bbox 1818 2447 1879 2494; x_wconf 75' lang='grc' dir='ltr'>Ρ2</span> 
     </span>
     <span class='ocr_line' id='line_1_29' title="bbox 192 2508 1816 2566; baseline -0.002 -11"><span class='ocrx_word' id='word_1_229' title='bbox 192 2517 244 2555; x_wconf 78' lang='lat' dir='ltr'>ut</span> <span class='ocrx_word' id='word_1_230' title='bbox 274 2516 366 2556; x_wconf 84' lang='lat' dir='ltr'>vid.</span> <span class='ocrx_word' id='word_1_231' title='bbox 539 2515 656 2556; x_wconf 88' lang='grc'>8-9</span> <span class='ocrx_word' id='word_1_232' title='bbox 688 2517 814 2566; x_wconf 89' lang='lat' dir='ltr'>quod</span> <span class='ocrx_word' id='word_1_233' title='bbox 846 2517 1036 2557; x_wconf 90' lang='lat' dir='ltr'>omnino</span> <span class='ocrx_word' id='word_1_234' title='bbox 1068 2517 1222 2566; x_wconf 80' lang='lat' dir='ltr'>suppl.</span> <span class='ocrx_word' id='word_1_235' title='bbox 1254 2508 1315 2556; x_wconf 70' lang='grc' dir='ltr'>Α2</span> <span class='ocrx_word' id='word_1_236' title='bbox 1492 2513 1519 2553; x_wconf 84' lang='grc'><strong>9</strong></span> <span class='ocrx_word' id='word_1_237' title='bbox 1551 2509 1644 2561; x_wconf 87' lang='lat' dir='ltr'>aut]</span> <span class='ocrx_word' id='word_1_238' title='bbox 1677 2513 1750 2553; x_wconf 92' lang='lat' dir='ltr'>vel</span> <span class='ocrx_word' id='word_1_239' title='bbox 1780 2512 1816 2553; x_wconf 87' lang='grc' dir='ltr'><em>Α</em></span> 
     </span>
     <span class='ocr_line' id='line_1_30' title="bbox 194 2567 1878 2627; baseline -0.002 -14"><span class='ocrx_word' id='word_1_240' title='bbox 194 2573 248 2613; x_wconf 87' lang='grc'>10</span> <span class='ocrx_word' id='word_1_241' title='bbox 280 2585 384 2615; x_wconf 89' lang='lat' dir='ltr'>esse</span> <span class='ocrx_word' id='word_1_242' title='bbox 416 2586 505 2616; x_wconf 89' lang='lat' dir='ltr'>om.</span> <span class='ocrx_word' id='word_1_243' title='bbox 537 2575 572 2616; x_wconf 84' lang='lat' dir='ltr'><em>A</em></span> <span class='ocrx_word' id='word_1_244' title='bbox 751 2578 865 2627; x_wconf 80' lang='lat' dir='ltr'>post</span> <span class='ocrx_word' id='word_1_245' title='bbox 894 2576 1191 2625; x_wconf 87' lang='lat' dir='ltr'>operantibus</span> <span class='ocrx_word' id='word_1_246' title='bbox 1223 2576 1268 2616; x_wconf 89' lang='lat' dir='ltr'>d.</span> <span class='ocrx_word' id='word_1_247' title='bbox 1301 2576 1330 2615; x_wconf 87' lang='grc' dir='ltr'>ἰ.</span> <span class='ocrx_word' id='word_1_248' title='bbox 1363 2585 1403 2614; x_wconf 87' lang='grc' dir='ltr'>υ.</span> <span class='ocrx_word' id='word_1_249' title='bbox 1435 2570 1464 2622; x_wconf 90' lang='grc' dir='ltr'>ἢ</span> <span class='ocrx_word' id='word_1_250' title='bbox 1497 2569 1568 2611; x_wconf 80' lang='grc' dir='ltr'>ἀεὶ</span> <span class='ocrx_word' id='word_1_251' title='bbox 1597 2569 1626 2621; x_wconf 90' lang='grc' dir='ltr'>ἢ</span> <span class='ocrx_word' id='word_1_252' title='bbox 1658 2567 1766 2610; x_wconf 89' lang='grc' dir='ltr'>τότε</span> <span class='ocrx_word' id='word_1_253' title='bbox 1798 2567 1878 2610; x_wconf 86' lang='grc' dir='ltr'>ὅτε</span> 
     </span>
     <span class='ocr_line' id='line_1_31' title="bbox 190 2628 1878 2685; baseline -0.001 -14"><span class='ocrx_word' id='word_1_254' title='bbox 190 2628 473 2682; x_wconf 86' lang='grc' dir='ltr'>πράττονται</span> <span class='ocrx_word' id='word_1_255' title='bbox 596 2634 646 2674; x_wconf 95' lang='grc'>11</span> <span class='ocrx_word' id='word_1_256' title='bbox 682 2636 773 2675; x_wconf 89' lang='lat' dir='ltr'>sint</span> <span class='ocrx_word' id='word_1_257' title='bbox 803 2635 974 2675; x_wconf 88' lang='lat' dir='ltr'>indicia</span> <span class='ocrx_word' id='word_1_258' title='bbox 1006 2637 1188 2685; x_wconf 82' lang='lat' dir='ltr'>transp.</span> <span class='ocrx_word' id='word_1_259' title='bbox 1212 2634 1250 2674; x_wconf 88' lang='grc' dir='ltr'><em>Β</em></span> <span class='ocrx_word' id='word_1_260' title='bbox 1280 2634 1371 2673; x_wconf 79' lang='lat' dir='ltr'>sim</span> <span class='ocrx_word' id='word_1_261' title='bbox 1401 2632 1571 2672; x_wconf 86' lang='lat' dir='ltr'>iudicia</span> <span class='ocrx_word' id='word_1_262' title='bbox 1601 2631 1636 2672; x_wconf 85' lang='grc' dir='ltr'><strong><em>Α</em></strong></span> <span class='ocrx_word' id='word_1_263' title='bbox 1706 2632 1765 2671; x_wconf 89' lang='lat' dir='ltr'>sit</span> <span class='ocrx_word' id='word_1_264' title='bbox 1795 2630 1878 2671; x_wconf 86' lang='lat' dir='ltr'>AB</span> 
     </span>
    </p>

    <p class='ocr_par' dir='ltr' id='par_1_12' title="bbox 191 2689 1878 2922">
     <span class='ocr_line' id='line_1_32' title="bbox 253 2689 1875 2743; baseline -0.001 -12"><span class='ocrx_word' id='word_1_265' title='bbox 253 2692 306 2732; x_wconf 90' lang='grc'>12</span> <span class='ocrx_word' id='word_1_266' title='bbox 339 2694 486 2742; x_wconf 88' lang='lat' dir='ltr'>agitur</span> <span class='ocrx_word' id='word_1_267' title='bbox 516 2704 619 2734; x_wconf 90' lang='lat' dir='ltr'>cum</span> <span class='ocrx_word' id='word_1_268' title='bbox 652 2694 699 2734; x_wconf 91' lang='lat' dir='ltr'>M</span> <span class='ocrx_word' id='word_1_269' title='bbox 730 2705 833 2734; x_wconf 90' lang='lat' dir='ltr'>cum</span> <span class='ocrx_word' id='word_1_270' title='bbox 866 2695 1013 2743; x_wconf 87' lang='lat' dir='ltr'>agitur</span> <span class='ocrx_word' id='word_1_271' title='bbox 1043 2696 1114 2734; x_wconf 91' lang='lat' dir='ltr'>est</span> <span class='ocrx_word' id='word_1_272' title='bbox 1145 2703 1247 2733; x_wconf 90' lang='lat' dir='ltr'>cum</span> <span class='ocrx_word' id='word_1_273' title='bbox 1278 2692 1317 2735; x_wconf 89' lang='grc' dir='ltr'><em>Β</em></span> <span class='ocrx_word' id='word_1_274' title='bbox 1479 2689 1532 2730; x_wconf 91' lang='grc'>15</span> <span class='ocrx_word' id='word_1_275' title='bbox 1563 2689 1635 2731; x_wconf 92' lang='lat' dir='ltr'>De</span> <span class='ocrx_word' id='word_1_276' title='bbox 1666 2689 1875 2730; x_wconf 86' lang='lat' dir='ltr'>involun-</span> 
     </span>
     <span class='ocr_line' id='line_1_33' title="bbox 192 2748 1876 2810; baseline -0.001 -20"><span class='ocrx_word' id='word_1_277' title='bbox 192 2752 304 2810; x_wconf 82' lang='lat' dir='ltr'>tario</span> <span class='ocrx_word' id='word_1_278' title='bbox 336 2751 421 2793; x_wconf 87' lang='lat' dir='ltr'>PC</span> <span class='ocrx_word' id='word_1_279' title='bbox 458 2752 541 2793; x_wconf 70' lang='grc' dir='ltr'>Ἠ’7</span> <span class='ocrx_word' id='word_1_280' title='bbox 568 2754 664 2804; x_wconf 78' lang='lat' dir='ltr'>fere</span> <span class='ocrx_word' id='word_1_281' title='bbox 695 2754 786 2794; x_wconf 83' lang='lat' dir='ltr'>litt.</span> <span class='ocrx_word' id='word_1_282' title='bbox 818 2754 856 2794; x_wconf 93' lang='grc' dir='ltr'><em>Β</em></span> <span class='ocrx_word' id='word_1_283' title='bbox 887 2764 976 2793; x_wconf 85' lang='grc' dir='ltr'><strong><em>οηι.</em></strong></span> <span class='ocrx_word' id='word_1_284' title='bbox 1008 2752 1044 2794; x_wconf 88' lang='grc' dir='ltr'><em>Α</em></span> <span class='ocrx_word' id='word_1_285' title='bbox 1075 2753 1259 2804; x_wconf 84' lang='lat' dir='ltr'>pariter</span> <span class='ocrx_word' id='word_1_286' title='bbox 1289 2762 1346 2792; x_wconf 86' lang='lat' dir='ltr'>ac</span> <span class='ocrx_word' id='word_1_287' title='bbox 1379 2754 1440 2799; x_wconf 83' lang='lat'>72,</span> <span class='ocrx_word' id='word_1_288' title='bbox 1459 2754 1510 2790; x_wconf 89' lang='grc'>16</span> <span class='ocrx_word' id='word_1_289' title='bbox 1668 2748 1723 2789; x_wconf 89' lang='grc'>18</span> <span class='ocrx_word' id='word_1_290' title='bbox 1755 2749 1876 2790; x_wconf 88' lang='lat' dir='ltr'>enim</span> 
     </span>
     <span class='ocr_line' id='line_1_34' title="bbox 191 2805 1877 2863; baseline -0.001 -14"><span class='ocrx_word' id='word_1_291' title='bbox 191 2811 343 2861; x_wconf 83' lang='lat' dir='ltr'>suppl.</span> <span class='ocrx_word' id='word_1_292' title='bbox 379 2805 489 2852; x_wconf 65' lang='lat' dir='ltr'>C¹‘2</span> <span class='ocrx_word' id='word_1_293' title='bbox 608 2812 720 2862; x_wconf 87' lang='lat' dir='ltr'>quid</span> <span class='ocrx_word' id='word_1_294' title='bbox 751 2809 827 2862; x_wconf 78' lang='lat' dir='ltr'>(ex</span> <span class='ocrx_word' id='word_1_295' title='bbox 857 2812 1043 2863; x_wconf 89' lang='lat' dir='ltr'>quidem</span> <span class='ocrx_word' id='word_1_296' title='bbox 1076 2809 1131 2862; x_wconf 88' lang='lat' dir='ltr'>C)</span> <span class='ocrx_word' id='word_1_297' title='bbox 1163 2810 1210 2851; x_wconf 91' lang='lat' dir='ltr'>M</span> <span class='ocrx_word' id='word_1_298' title='bbox 1240 2810 1426 2860; x_wconf 85' lang='lat' dir='ltr'>quidem</span> <span class='ocrx_word' id='word_1_299' title='bbox 1456 2809 1494 2849; x_wconf 90' lang='lat' dir='ltr'><em>B</em></span> <span class='ocrx_word' id='word_1_300' title='bbox 1697 2807 1752 2848; x_wconf 87' lang='grc'>19</span> <span class='ocrx_word' id='word_1_301' title='bbox 1782 2817 1877 2848; x_wconf 90' lang='lat' dir='ltr'>non</span> 
     </span>
     <span class='ocr_line' id='line_1_35' title="bbox 192 2864 1878 2922; baseline -0.002 -14"><span class='ocrx_word' id='word_1_302' title='bbox 192 2866 296 2917; x_wconf 90' lang='lat' dir='ltr'>nos]</span> <span class='ocrx_word' id='word_1_303' title='bbox 330 2864 459 2922; x_wconf 64' lang='lat' dir='ltr'>nous]</span> <span class='ocrx_word' id='word_1_304' title='bbox 489 2881 570 2919; x_wconf 86' lang='lat' dir='ltr'>per</span> <span class='ocrx_word' id='word_1_305' title='bbox 600 2882 660 2911; x_wconf 92' lang='lat' dir='ltr'>ne</span> <span class='ocrx_word' id='word_1_306' title='bbox 691 2864 722 2911; x_wconf 82' lang='lat' dir='ltr'>f.</span> <span class='ocrx_word' id='word_1_307' title='bbox 755 2871 790 2912; x_wconf 88' lang='lat' dir='ltr'><em>A</em></span> <span class='ocrx_word' id='word_1_308' title='bbox 945 2870 1118 2911; x_wconf 83' lang='lat'>19-20</span> <span class='ocrx_word' id='word_1_309' title='bbox 1150 2869 1501 2909; x_wconf 89' lang='lat' dir='ltr'>involuntarium</span> <span class='ocrx_word' id='word_1_310' title='bbox 1523 2867 1571 2907; x_wconf 84' lang='lat' dir='ltr'>‘B</span> <span class='ocrx_word' id='word_1_311' title='bbox 1621 2872 1626 2877; x_wconf 83' lang='lat'><strong><em>&#39;</em></strong></span> <span class='ocrx_word' id='word_1_312' title='bbox 1719 2865 1771 2906; x_wconf 92' lang='grc'>21</span> <span class='ocrx_word' id='word_1_313' title='bbox 1807 2869 1878 2906; x_wconf 88' lang='lat' dir='ltr'>est</span> 
     </span>
    </p>
   </div>
   <div class='ocr_carea' id='block_1_7' title="bbox 192 2928 869 2979">
    <p class='ocr_par' dir='ltr' id='par_1_13' title="bbox 192 2928 869 2979">
     <span class='ocr_line' id='line_1_36' title="bbox 192 2928 869 2979; baseline 0.003 -11"><span class='ocrx_word' id='word_1_314' title='bbox 192 2939 281 2968; x_wconf 90' lang='lat' dir='ltr'>om.</span> <span class='ocrx_word' id='word_1_315' title='bbox 307 2928 344 2967; x_wconf 91' lang='grc' dir='ltr'><em>Β</em></span> <span class='ocrx_word' id='word_1_316' title='bbox 466 2929 520 2968; x_wconf 87' lang='grc'>22</span> <span class='ocrx_word' id='word_1_317' title='bbox 554 2931 764 2979; x_wconf 86' lang='lat' dir='ltr'>principii</span> <span class='ocrx_word' id='word_1_318' title='bbox 798 2931 830 2970; x_wconf 83' lang='lat' dir='ltr'><strong><em>A</em></strong></span> <span class='ocrx_word' id='word_1_319' title='bbox 859 2949 869 2958; x_wconf 74' lang='lat'>=</span> 
     </span>
    </p>
   </div>
  </div>
 </body>
</html>
