1982 3172
67 110 152 157 ΑΒ
188 106 451 156 ALFANO
486 106 551 151 IN
586 101 877 150 LATINUM
910 98 1350 146 TRANSLATUM
1386 95 1589 142 CAP.11
1640 101 1707 151 37

20 249 210 305 virtus,
236 246 448 309 species
474 257 608 294 vero
635 241 1046 305 explementum
1071 243 1127 288 et
1152 237 1258 288 hoc
1283 235 1507 299 quidem
1529 233 1711 296 dupli-

22 324 166 380 citer,
199 335 310 371 uno
344 325 405 370 ut
440 319 682 375 scientia,
716 315 826 366 alio
860 328 993 365 vero
1027 318 1088 364 ut
1117 310 1478 373 contemplari
1512 313 1566 360 et
1596 313 1709 359 stu-

22 397 164 454 dere,
196 395 344 459 quod
377 400 462 445 est
495 394 548 442 in
584 398 709 443 actu
741 404 864 441 esse
897 389 1195 440 scientiam.
1229 385 1324 446 „Et
1359 384 1619 448 quoniam
1649 384 1703 432 in

23 469 377 523 consistendo
409 469 650 518 animam
684 471 738 516 et
771 478 999 516 somnus
1030 468 1116 513 est
1148 467 1201 513 et
1232 460 1439 524 vigilia,
1466 459 1538 509 ad
1571 458 1713 508 hanc

23 547 290 597 rationem
321 542 513 606 vigilia
544 542 644 592 erit
677 538 1053 602 contemplari,
1085 550 1314 588 somnus
1345 548 1478 586 vero
1510 533 1712 584 habere

21 620 321 675 scientiam,
349 624 402 669 et
432 631 542 668 non
576 615 837 679 operari.“
875 613 983 664 Sed
1016 613 1166 675 prior
1193 616 1277 662 est
1305 610 1533 660 scientia
1564 613 1704 659 actu.

23 694 264 757 Ideoque
299 694 535 756 primum
569 690 979 753 explementum
1015 692 1178 738 vocat
1212 680 1486 748 speciem’,
1523 697 1713 734 secun·
1748 690 1804 730 56

25 770 156 819 dum
185 782 318 819 vero
348 773 547 823 actum,
577 771 637 815 ut
666 763 860 815 oculus
891 776 958 813 ex
990 761 1237 812 subiecto
1261 765 1344 811 est
1374 765 1427 809 et
1454 758 1636 821 specie
1661 763 1715 808 et

23 850 108 895 est
140 843 361 906 quidem
395 841 700 891 subiectum
734 840 788 888 in
821 839 961 900 ipso,
995 850 1136 899 quae
1169 835 1361 897 recipit
1386 835 1568 884 visum
1602 846 1715 882 ma-

26 919 161 970 teria
199 916 358 968 oculi.
407 914 650 965 Vocatur
689 918 874 964 autem
912 917 966 962 et
1005 912 1129 974 ipsa
1167 910 1470 972 aequivoce
1504 907 1714 958 oculus.

25 992 247 1056 Species
273 1004 406 1041 vero
436 990 551 1040 sive
581 988 762 1039 forma
788 992 842 1038 et
869 986 1280 1049 explementum
1310 984 1548 1046 primum
1571 982 1714 1033 oculi

23 1072 108 1118 est
131 1067 250 1129 ipse
275 1066 444 1122 visus,
472 1065 563 1127 qui
590 1064 685 1114 dat
707 1064 758 1113 ei
786 1076 952 1126 posse
971 1061 1175 1118 videre,
1203 1058 1508 1110 secundum
1530 1062 1713 1108 autem

24 1139 434 1204 explementum
475 1145 559 1190 est
598 1144 754 1189 actus
796 1136 956 1194 oculi,
998 1135 1302 1187 secundum
1345 1147 1507 1196 quem
1548 1132 1715 1182 videt.

26 1216 98 1267 Ut
130 1216 296 1278 igitur
330 1229 461 1265 mox
495 1214 714 1276 genitus
749 1211 964 1263 catulus
999 1224 1100 1261 nec
1132 1223 1303 1260 unum
1332 1209 1498 1259 habet
1531 1207 1717 1270 exple·
1753 1213 1806 1252 57

27 1295 287 1347 mentum,
325 1294 657 1352 potestatem
694 1301 826 1338 vero
864 1286 1029 1337 habet
1065 1284 1365 1348 recipiendi
1403 1282 1719 1345 explemen-

29 1371 160 1422 tum,
200 1364 278 1415 sic
316 1369 535 1426 oportet
574 1363 822 1425 accipere
862 1361 930 1411 de
970 1361 1170 1410 anima.
1221 1358 1293 1410 Ut
1326 1359 1472 1409 enim
1513 1357 1586 1408 ibi
1622 1356 1719 1407 ad-

28 1440 255 1490 veniens
296 1438 450 1489 visus
494 1436 679 1500 explet
722 1436 959 1493 oculum,
1005 1436 1082 1485 sic
1124 1440 1178 1485 et
1221 1435 1275 1483 in
1314 1446 1544 1496 corpore
1587 1437 1719 1482 nata

29 1514 212 1564 anima
254 1512 440 1575 explet
484 1511 704 1569 animal,
752 1516 811 1562 ut
859 1507 1158 1573 'nunquam
1207 1509 1323 1560 sine
1370 1521 1600 1570 corpore
1645 1508 1714 1557 sit

29 1589 227 1645 anima,
254 1601 354 1638 nec
382 1601 583 1650 corpus
612 1586 822 1648 absque
850 1581 1068 1635 anima'.
1109 1583 1357 1647 „Corpus
1385 1583 1588 1634 etenim
1609 1596 1720 1632 non

29 1663 130 1714 erit
158 1662 367 1724 absque
401 1662 600 1718 anima,
635 1661 763 1723 quia
798 1660 1046 1723 corporis
1080 1659 1181 1710 erit
1212 1659 1411 1709 anima.
1457 1657 1521 1708 Et
1555 1671 1719 1720 prop-

31 1742 111 1788 ter
139 1737 244 1788 hoc
273 1737 327 1787 in
359 1749 589 1799 corpore
619 1736 870 1786 consistit
898 1740 954 1785 et
984 1735 1038 1784 in
1063 1733 1159 1785 tali
1191 1733 1415 1797 quidem
1442 1731 1720 1795 corpore“,

32 1825 128 1874 per
160 1825 218 1862 se
251 1812 430 1874 ipsam
462 1824 595 1861 vero
628 1824 739 1861 non
772 1806 986 1861 existet.
1090 1808 1199 1860 Sed
1234 1809 1469 1871 primam
1498 1807 1719 1870 quidem
1757 1811 1811 1851 58

34 1885 353 1947 passibilem
411 1891 623 1948 partem
683 1886 900 1935 animae
944 1885 1186 1934 animam
1229 1889 1408 1940 vocat,
1456 1896 1721 1944 separans

31 1961 150 2010 eius
181 1959 633 2024 rationa[bi]lem;
665 1960 763 2011 sed
796 1960 1042 2022 oportuit
1072 1964 1245 2009 totam
1279 1957 1442 2008 simul
1474 1957 1722 2020 accipere

3 2035 274 2084 ·animam
331 2034 571 2085 hominis
626 2040 682 2085 et
738 2048 849 2085 non
893 2034 1197 2085 secundum
1242 2038 1454 2096 partem
1498 2038 1552 2083 et
1587 2032 1724 2082 haec

109 2228 134 2269 2
174 2226 286 2278 uno]
321 2229 412 2269 alio
446 2229 478 2269 A
574 2235 682 2270 vero
716 2231 762 2270 et
794 2231 839 2270 et
869 2240 959 2270 om.
993 2229 1030 2269 Β
1113 2222 1184 2269 ut²
1215 2240 1304 2269 om.
1338 2228 1370 2268 A
1557 2227 1583 2267 3
1613 2228 1726 2277 post

33 2292 102 2330 est
134 2290 178 2330 d.
204 2290 233 2329 ι’.
260 2300 300 2330 υ.
333 2285 388 2327 τὸ
423 2284 507 2337 μὲν
540 2285 603 2326 ὠ(
636 2283 829 2327 διάθεειε
859 2283 914 2327 τὸ
948 2285 997 2327 δὲ
1127 2288 1321 2329 scientia
1352 2287 1390 2328 Β
1601 2286 1627 2326 4
1661 2280 1728 2326 et²

33 2360 122 2408 om.
154 2348 188 2388 A
314 2348 338 2388 7
373 2349 500 2398 prim.
533 2348 730 2398 explem.
763 2350 945 2399 transp.
978 2349 1011 2389 A
1159 2347 1185 2388 8
1217 2358 1326 2388 vero
1358 2359 1448 2388 om.
1483 2347 1514 2387 A
1602 2357 1660 2387 ex
1691 2346 1730 2386 Ρ

33 2410 80 2448 et
110 2407 150 2448 D
332 2407 359 2448 9
391 2408 438 2448 in
471 2408 517 2448 M
549 2411 597 2448 ut
629 2408 667 2448 Β
757 2419 878 2458 quae
909 2404 986 2457 (ex
1017 2409 1145 2458 quod
1176 2419 1295 2448 corr.
1329 2401 1408 2455 12²)
1441 2406 1488 2447 M
1521 2407 1599 2456 qui
1631 2405 1669 2445 Β

39 2465 92 2506 10
125 2464 302 2516 oculus]
337 2467 483 2508 oculis
517 2467 555 2509 C
678 2467 726 2507 11
763 2468 864 2508 sine
895 2467 980 2508 AB
1103 2467 1157 2508 12
1190 2468 1291 2516 ipse
1323 2467 1448 2507 visus
1482 2469 1665 2515 transl).
1690 2464 1723 2504 A

98 2524 151 2566 13
182 2526 336 2567 uidet*
370 2538 425 2568 ex
454 2520 690 2576 vident(?)
724 2538 842 2567 corr.
860 2520 918 2567 1³²
1009 2527 1062 2567 16
1095 2528 1154 2568 de
1186 2527 1341 2566 anima
1365 2526 1404 2566 Ρ
1434 2526 1479 2564 in
1513 2525 1668 2565 anima
1693 2524 1729 2564 B

37 2585 82 2624 in
116 2585 315 2632 animam
342 2585 381 2628 C
438 2587 502 2627 ibi
534 2597 624 2627 om.
649 2586 683 2626 A
812 2586 865 2626 18
897 2579 1086 2627 animas!
1096 2580 1278 2639 {animal
1314 2579 1496 2635 l‘'explet
1531 2584 1569 2626 C
1626 2585 1728 2624 sine

36 2654 160 2693 corp.
191 2654 427 2695 nunquam
459 2645 546 2687 AC
582 2642 647 2695 (h.
680 2643 744 2694 ο.)
784 2647 886 2687 sine
925 2656 1049 2695 corp.
1082 2656 1309 2695 nusquam
1342 2645 1379 2685 Β
1518 2643 1572 2684 19
1604 2654 1729 2693 corp.

37 2703 215 2753 absque
246 2701 337 2753 an.]
371 2705 472 2747 slne
504 2706 659 2746 anima
691 2716 856 2755 corpus
888 2704 923 2745 A
1100 2705 1156 2746 20
1188 2705 1366 2755 absque
1399 2704 1477 2745 PA
1513 2705 1613 2744 sine
1649 2702 1730 2744 CB

97 2759 223 2813 quial
257 2774 379 2813 quae
407 2763 443 2805 A
597 2766 801 2814 corporis
834 2764 879 2805 M
913 2775 1079 2814 corpus
1110 2764 1148 2805 B
1359 2763 1415 2804 22
1448 2763 1601 2804 existit
1634 2763 1671 2803 Β

38 2821 94 2863 23
125 2819 325 2871 animae]
359 2833 388 2863 a
417 2834 469 2865 se
499 2824 534 2864 A
689 2824 744 2864 24
777 2825 877 2866 eius
909 2835 998 2865 om.
1030 2824 1071 2864 D
1149 2824 1418 2866 rationalem
1451 2834 1537 2873 eyo
1611 2823 1730 2863 acci-

39 2878 164 2931 pere]
197 2893 225 2921 a
257 2892 448 2931 corpore
480 2883 512 2924 A
708 2883 763 2924 25
797 2880 1015 2933 animam]
1051 2886 1223 2933 partem
1256 2884 1293 2927 Β
1385 2894 1480 2924 non
1513 2894 1602 2924 om.
1635 2883 1672 2925 Β

39 2940 154 2983 haec
185 2941 224 2983 Ρ
257 2937 444 2993 (ταῦτα)
478 2942 567 2985 hoc
598 2943 639 2984 D
