1982 3172
564 114 648 161 DE
681 113 1038 160 ELEMENTIS
1072 112 1209 160 CAP.
1238 114 1277 160 V
1699 122 1769 172 65

80 261 166 307 tur
197 259 251 304 et
288 254 366 304 sic
400 266 469 303 ex
506 254 609 304 hac
646 259 800 315 parte
837 259 891 302 et
924 252 1027 302 hac
1064 251 1366 302 sufficienti
1401 251 1764 302 consistentia
1807 250 1878 306 ιδ’

81 333 537 380 conservarentur
568 328 894 392 perenniter.
940 325 1108 378 Terra
1140 326 1342 376 etenim
1380 324 1653 376 lutificata
1685 325 1766 377 ef-

80 402 263 454 ficitur
290 416 451 466 aqua,
483 416 630 465 aqua
660 415 793 453 vero
828 400 1168 452 condensata
1201 407 1254 451 et
1288 399 1559 451 lutificata
1588 399 1766 450 effici-

79 484 166 529 tur
192 483 350 534 terra‚
383 476 651 528 calefacta
679 489 813 526 vero
843 481 899 526 et
927 481 1232 538 evaporata
1262 474 1507 525 efficitur
1533 488 1640 533 aer,
1671 488 1766 525 aer

32 569 56 604 5
77 565 208 603 vero
241 551 504 602 collectus
539 556 594 602 et
625 550 999 601 condensatus
1034 549 1099 600 fit
1134 563 1294 612 aqua,
1331 553 1638 604 desiccatus
1675 567 1769 604 au-

77 633 186 678 tem
209 627 263 676 in
291 627 476 689 ignem
504 626 713 678 transit.
753 624 1015 676 Similiter
1041 631 1094 675 et
1124 625 1291 687 ignis;
1312 626 1588 675 extinctus
1616 625 1761 675 enim

78 701 488 763 siccitatemque
529 701 816 763 deponens
857 713 951 749 aer
992 699 1072 750 fit.
1126 698 1220 750 Est
1260 712 1499 761 namque
1539 713 1636 749 aer
1670 713 1763 749 ex·
1876 758 1885 769 Ι

77 775 268 827 tinctio
311 776 456 838 ignis
504 780 558 826 et
590 788 768 837 vapor
814 788 992 837 aquae
1042 773 1357 824 calefactae.
1405 773 1482 823 Ex
1520 774 1765 836 utrisque
1807 773 1872 832 16‘

80 850 246 913 igitur
266 856 432 913 patet,
459 849 609 911 quod
634 861 703 899 ex
731 848 912 899 calore
940 850 1010 899 sit
1033 849 1154 898 eius
1175 850 1350 911 origo,
1387 847 1600 899 Etenim
1625 848 1765 899 cale-

16 924 228 976 infacta
257 937 404 987 aqua
437 929 493 974 et
525 924 800 974 extinctus
836 923 982 986 ignis
1017 935 1112 972 aer
1147 922 1306 973 fiunt.
1350 921 1446 974 Est
1481 923 1648 986 igitur
1681 937 1764 974 se-

81 997 320 1049 cundum
349 998 630 1061 propriam
663 1002 916 1048 naturam
949 996 1180 1055 caliduS,
1213 996 1551 1060 infrigdatur
1581 1003 1766 1048 autem

81 1085 177 1135 per
207 1073 546 1124 vicinitatem
583 1085 761 1135 aquae
796 1077 851 1123 et
886 1078 1079 1130 terrae,
1116 1078 1177 1123 ut
1211 1072 1331 1122 eius
1367 1071 1590 1135 quidem
1628 1071 1766 1122 infe-

82 1147 242 1205 riora,
271 1160 412 1210 quae
446 1152 574 1198 sunt
603 1160 801 1197 versus
835 1153 1052 1205 terram,
1086 1147 1196 1198 sint
1227 1145 1447 1209 frigida,
1480 1147 1768 1209 superiora

82 1235 230 1279 ver0,
252 1235 393 1284 quae
419 1235 615 1272 versus
640 1222 840 1284 ignem,
869 1220 1064 1271 calida.
1101 1220 1167 1272 Et
1190 1220 1297 1271 hoc
1318 1221 1516 1272 accidit
1545 1228 1769 1284 propter
1811 1236 1861 1276 17

20 1312 61 1347 15
84 1295 371 1347 mollitiem
400 1302 457 1347 et
492 1295 711 1346 facilem
747 1295 1171 1358 passibilitatem
1207 1296 1366 1346 aeris,
1414 1295 1588 1346 Citius
1623 1297 1768 1347 enim

83 1372 195 1421 exit
215 1383 249 1420 a
277 1371 502 1433 propria
525 1376 723 1422 natura
747 1376 803 1421 et
830 1375 1189 1433 permutatur.
1299 1370 1628 1421 Aristoteles
1656 1370 1768 1421 duo
1811 1385 1864 1425 18

83 1457 287 1508 genera
315 1445 459 1495 aeris
491 1458 618 1496 esse
651 1444 796 1503 dicit,
831 1445 937 1495 h'oc
971 1444 1194 1508 quidem
1227 1459 1585 1509 vaporosum,
1618 1446 1768 1509 quod

86 1519 151 1570 fit
178 1532 248 1570 ex
281 1533 490 1583 vapore
524 1532 718 1583 aquae,
751 1519 859 1570 hoc
890 1533 1023 1571 vero
1058 1519 1358 1578 fumosum,
1391 1521 1542 1583 quod
1579 1520 1648 1571 de
1676 1535 1769 1571 ex-

85 1594 346 1645 tinctione
403 1594 563 1657 iguis,
634 1593 699 1645 Et
743 1593 1026 1649 fumosum
1074 1594 1297 1658 quidem
1344 1595 1584 1645 calidum
1631 1609 1770 1654 esse,

19 1682 64 1719 20
84 1681 423 1732 vaporosum
481 1682 632 1727 ver0,
692 1668 787 1719 ubi
845 1675 1157 1732 generatur,
1219 1669 1459 1720 calidum
1506 1677 1560 1721 et
1605 1670 1770 1729 istud,

85 1742 406 1806 elongatum
431 1749 617 1794 autem
647 1756 717 1794 ex
746 1750 903 1806 parte
933 1743 1226 1807 infrigdari
1254 1750 1310 1795 et
1338 1743 1523 1795 adhuc
1545 1744 1773 1808 elonga-

88 1823 203 1868 tum
240 1816 482 1880 amplius
522 1832 724 1881 aquam
764 1817 888 1869 fieri
929 1824 984 1869 et
1023 1824 1084 1869 ut
1124 1819 1399 1882 quaedam
1437 1820 1606 1871 etiam
1646 1819 1772 1879 alia,

90 1904 230 1954 quae
247 1890 507 1943 videntur
530 1905 654 1943 esse
678 1893 1136 1952 inconvenientia,
1160 1893 1416 1956 effugiat,
1441 1908 1510 1944 ex
1534 1907 1601 1945 eo
1623 1896 1773 1958 quod
1815 1909 1867 1949 19

91 1965 290 2016 altiora
317 1966 437 2016 eius
470 1971 525 2017 et
555 1966 788 2018 multum
822 1981 856 2018 a
890 1974 1033 2019 terra
1066 1967 1330 2019 distantia
1361 1968 1652 2031 frigidiora
1681 1983 1776 2033 ap-

25 2055 69 2090 25
93 2045 337 2103 pareant,
370 2039 646 2103 duplicem
682 2043 942 2104 exposuit
975 2043 1094 2093 eius
1129 2050 1400 2094 naturam.
1447 2043 1647 2094 Omnia
1681 2059 1776 2095 au·
1816 2058 1872 2098 20

99 2159 377 2165 -m
386 2161 1628 2170 rm————.—————-—-————.———-—,-.

168 2237 186 2277 1
225 2234 327 2286 hac]
361 2248 418 2278 ea
442 2238 476 2279 A
555 2231 642 2291 etl]
670 2238 757 2279 hac
781 2236 849 2288 (in
873 2250 994 2281 eras.
1020 2237 1134 2290 vid.)
1159 2241 1199 2281 Ρ
1229 2244 1273 2281 et
1302 2252 1360 2282 ex
1389 2241 1476 2282 hac
1500 2242 1535 2282 A
1659 2241 1684 2281 2
1718 2245 1783 2282 et-

89 2293 230 2346 enim]
264 2298 388 2337 enim
412 2298 447 2339 A
569 2297 684 2338 2-3
717 2297 951 2339 ludificata
974 2296 1196 2352 (utroque
1220 2298 1345 2350 Ioco)
1369 2301 1407 2341 Β
1435 2302 1596 2351 priore
1619 2300 1783 2342 luctifi-

90 2356 244 2397 cataA
334 2356 360 2397 3
384 2358 586 2398 alterum
611 2368 734 2408 aqua
757 2369 847 2399 om.
863 2358 898 2400 A
990 2359 1017 2399 4
1041 2370 1150 2401 vero
1176 2371 1265 2401 om.
1283 2360 1318 2401 A
1413 2361 1439 2400 5
1465 2361 1686 2402 densatus
1702 2360 1787 2402 AB

151 2415 176 2456 7
202 2426 280 2457 aer
302 2415 354 2457 tit
377 2419 559 2468 transp.
581 2417 616 2458 A
734 2416 849 2458 7—8
873 2416 1110 2468 extinctio]
1137 2420 1364 2460 extinctus
1389 2419 1423 2461 A
1540 2419 1566 2460 8
1591 2423 1786 2470 utroque

93 2474 130 2515 Β
221 2475 275 2516 10
306 2486 384 2517 aer
411 2476 528 2517 fiunt
551 2479 734 2528 transp.
756 2477 791 2518 A
889 2477 937 2518 11
966 2478 1251 2529 infrigidatur
1274 2479 1313 2519 B
1407 2479 1460 2519 12
1486 2478 1784 2529 vicinitatem}

96 2534 359 2576 brevitatem
391 2536 426 2577 A
575 2536 630 2577 13
661 2547 820 2578 versus
853 2540 1014 2578 terram
1047 2549 1102 2579 ex
1133 2549 1244 2579 usus
1276 2541 1490 2580 terrarum
1523 2550 1643 2580 corr.
1668 2532 1729 2580 P'

95 2596 201 2634 sunt
230 2593 266 2635 A
390 2595 445 2636 15
478 2600 663 2646 propter
694 2597 881 2646 passib„
913 2598 997 2638 sed
1030 2601 1215 2647 propter
1244 2599 1371 2639 linea
1403 2600 1494 2640 del.
1518 2592 1579 2640 Ρι
1611 2601 1664 2640 ut
1694 2601 1788 2641 vid.

158 2651 330 2694 16—17
355 2651 464 2705 duo]
490 2655 585 2696 vult
605 2652 800 2705 (omt'sso
820 2654 947 2707 dicit)
965 2657 1000 2698 A
1089 2656 1262 2698 17—18
1287 2658 1474 2708 quidem
1490 2655 1636 2707 ...exl
1662 2660 1790 2709 quod

98 2722 310 2761 vaporus·
342 2724 436 2755 non
469 2715 596 2765 quod
627 2717 685 2756 sit
717 2717 775 2756 de
802 2716 837 2756 A
965 2715 1018 2756 18
1051 2716 1141 2757 hoc
1173 2713 1298 2766 vero]
1333 2717 1517 2768 hocque
1547 2718 1586 2758 B
1661 2719 1790 2768 quod

97 2782 187 2812 om.
219 2771 254 2813 A
377 2772 428 2813 21
464 2774 695 2825 inirigdatl
725 2775 761 2817 A
796 2775 1046 2825 infrigidari
1076 2776 1114 2817 B
1246 2775 1301 2816 22
1333 2779 1382 2817 ut
1413 2788 1503 2818 om.
1534 2778 1570 2818 A
1633 2775 1789 2827 etiam]

97 2835 144 2872 et
172 2830 212 2871 B
362 2831 418 2872 23
449 2843 554 2875 esse
585 2846 675 2876 om.
706 2835 745 2876 B
906 2834 962 2876 24
994 2835 1229 2885 frigidiora
1260 2841 1516 2887 appareant
1547 2848 1633 2888 eqo
1665 2837 1788 2888 frigi-

98 2891 228 2932 diora
258 2896 483 2943 apparent
511 2893 596 2935 ΡΒ
626 2897 881 2945 appareant
911 2894 1076 2945 frigida
1106 2895 1142 2936 A
1273 2895 1330 2936 25
1362 2907 1524 2947 expos.
1552 2900 1667 2950 post
1698 2902 1790 2939 nat.

96 2962 207 3002 pon.
239 2951 289 2999 Β,
322 2951 432 3002 fort.
465 2962 570 3003 exp.
603 2957 694 2995 nat.
727 2955 827 2995 eius
861 2951 926 3004 (h.
960 2952 1025 3005 ο.)

190 3028 359 3064 Nemes.
387 3028 440 3063 ab
466 3030 621 3066 Alfano
646 3032 790 3066 transl.
822 3031 886 3066 ed.
914 3032 1133 3068 Burkhard
1498 3034 1522 3073 5
