1982 3172
466 89 550 138 DE
582 88 1058 137 DESIDERATIVO
1093 88 1231 135 CAP.
1258 87 1387 135 XVII
1707 96 1775 145 95

89 230 402 293 passionem
452 235 507 279 et
563 228 865 279 secundum
919 228 1087 278 alium
1141 228 1307 277 etiarn
1348 226 1575 276 modum
1616 233 1771 276 actus
1811 235 1863 275 13

88 304 275 367 passio
304 302 516 361 dicitur,
551 317 674 353 cum
705 302 871 353 fuerit
903 309 1119 365 praeter
1148 308 1421 353 naturam.
1461 300 1634 351 Actus
1662 307 1772 351 ete-

0 374 2 377 ’
85 378 198 428 nim
223 382 307 429 est
337 377 641 428 secundum
670 383 939 428 naturam.
981 375 1297 427 Secundum
1326 375 1469 426 hanc
1497 375 1663 439 igitur
1690 389 1773 424 ra-

86 453 290 503 tionem
330 457 501 510 actuS,
545 466 668 503 cum
708 466 819 503 non
859 457 1113 503 movetur
1155 450 1460 502 secundum
1501 455 1771 507 naturam,

36 543 64 579 5
86 526 282 577 dicitur
311 528 515 590 passio,
550 527 667 578 sive
697 541 729 577 a
762 540 820 577 se
853 532 1143 577 moveatur
1175 527 1291 576 sive
1320 525 1389 576 ab
1418 525 1608 576 altero.
1642 523 1771 575 Cor-

84 600 169 652 dis
192 602 358 664 igitur
387 607 570 652 motus
599 600 902 652 secundum
934 600 1129 664 pulsus
1158 606 1314 652 actus
1341 606 1440 659 est,
1466 599 1769 651 secundum

84 675 258 726 saltus
298 689 431 726 vero
476 676 680 739 passio,
733 675 812 726 Ex
854 689 920 727 eo
963 689 1202 739 namque
1244 681 1329 726 est
1365 681 1420 726 et
1458 680 1644 726 motus
1688 687 1770 724 se-

84 749 325 800 cundum
348 750 539 809 saltuS,
567 749 665 801 sed
691 763 802 802 non
831 749 1136 801 secundum
1163 756 1434 801 naturam.
1471 748 1551 799 Ex
1573 748 1771 800 eodem

85 825 250 876 etiam
282 831 367 876 est
395 832 465 883 et,
499 831 684 876 motus
718 826 996 889 pulsuum,
1031 826 1133 876 sed
1166 825 1471 876 secundum
1501 831 1772 877 naturam.

17 912 60 948 ιο
84 898 230 948 Nihil
254 899 439 962 itaque
468 899 667 949 mirum
694 913 861 949 unam
889 904 945 950 et
972 898 1206 950 eandem
1234 912 1350 950 rem
1373 904 1428 950 et
1451 899 1769 962 passionem
1811 908 1863 948 14

82 978 135 1024 et
165 978 348 1024 actum
386 972 508 1024 dici.
555 972 697 1024 Nam
735 973 1040 1024 secundum
1078 972 1227 1037 quod
1263 978 1449 1025 motus
1483 978 1612 1025 sunt
1641 987 1675 1023 a
1711 987 1770 1024 se

81 1048 233 1111 ipsiS,
279 1047 560 1110 passibilis
607 1048 780 1111 partis
825 1049 1043 1099 animae
1089 1054 1245 1100 actus
1293 1054 1421 1100 sunt
1466 1054 1533 1106 et,
1577 1061 1770 1099 secun-

84 1122 215 1172 dum
247 1122 396 1186 quod
433 1128 560 1174 sunt
592 1123 995 1175 immoderatae·
1025 1137 1127 1174 nec
1160 1123 1466 1174 secundum
1499 1129 1771 1181 naturam,

81 1210 191 1248 non
232 1203 390 1249 erunt
433 1204 603 1256 actus,
649 1198 746 1249 sed
792 1199 1098 1262 passiones,
1153 1198 1243 1250 Sic
1281 1200 1448 1263 igitur
1487 1205 1541 1250 et
1583 1205 1768 1250 motus
1809 1208 1860 1247 15

17 1285 58 1320 15
80 1277 133 1322 et
170 1270 456 1323 rationalis
497 1273 669 1335 partis
708 1272 897 1334 passio
936 1278 1021 1323 est
1061 1272 1366 1323 secundum
1406 1278 1639 1336 utraque
1677 1273 1769 1323 de-

82 1346 314 1408 signata.
353 1345 479 1397 Non
511 1347 690 1397 omnis
720 1360 853 1397 vero
886 1353 1071 1399 motus
1104 1347 1386 1410 passibilis
1419 1348 1608 1410 passio
1639 1347 1769 1398 dici-

82 1426 183 1478 tur,
208 1419 306 1471 sed
336 1420 428 1483 qui
457 1427 585 1472 sunt
613 1422 851 1472 maiores
881 1427 934 1472 et
962 1421 1033 1472 ad
1061 1421 1480 1473 sensibilitatem
1506 1422 1769 1473 acceden-

78 1500 178 1545 tes.
210 1494 372 1545 Parvi
401 1495 544 1545 enim
573 1501 627 1546 et
653 1495 1003 1547 insensibiles
1032 1496 1280 1547 nondum
1310 1503 1437 1548 sunt
1461 1497 1768 1560 passiones

78 1567 187 1619 Sed
216 1569 345 1632 quia
376 1575 596 1633 oportet
625 1570 827 1621 habere
861 1571 1179 1633 passionem
1211 1571 1652 1635 magnitudinem
1685 1586 1768 1622 ra-

16 1644 226 1695 zotione
263 1643 504 1708 dignam,
542 1645 668 1696 ideo
708 1646 961 1698 additum
999 1654 1084 1698 est
1122 1647 1449 1699 diffinitioni
1486 1649 1767 1711 passionis

76 1723 260 1768 motus
297 1718 588 1770 sensibilis
640 1718 802 1770 Parvi
840 1733 1082 1783 namque
1118 1726 1304 1771 motus
1345 1721 1763 1772 sensibilitatem

76 1791 413 1855 effugientes
452 1794 769 1856 passionem
811 1808 921 1846 non
962 1794 1188 1855 faciunt,
1227 1801 1289 1846 ut
1331 1795 1536 1847 dictum
1579 1801 1676 1848 est.

520 1954 636 2022 DE
679 1955 1322 2025 DESIDERATWO
1798 2020 1857 2066 17

141 2075 419 2127 Dividitur
437 2078 620 2140 igitur,
644 2083 706 2129 ut
729 2077 986 2137 diximuS,
1009 2079 1328 2131 irrationale
1353 2081 1586 2138 animae,
1613 2081 1760 2143 quod
1806 2091 1822 2129 1

9 2167 53 2203 ,5
76 2150 379 2202 oboediens
413 2156 497 2202 est
535 2152 750 2210 rationi,
786 2153 841 2203 in
881 2153 1009 2212 duo,
1045 2154 1154 2205 hoc
1186 2160 1273 2206 est
1307 2154 1676 2205 desiderabile
1709 2162 1762 2206 et

154 2273 265 2313 1—2
298 2277 426 2313 actus
460 2275 616 2323 passio
650 2277 833 2326 transp.
857 2276 894 2316 Β
1009 2276 1034 2316 2
1068 2274 1256 2326 etenim]
1292 2278 1414 2317 enim
1441 2278 1475 2317 A
1600 2277 1626 2316 3
1655 2280 1769 2328 post

76 2335 166 2372 nat.
199 2333 244 2373 d.
277 2334 306 2373 i.
340 2344 381 2373 υ.
415 2327 596 2382 κίνηειε,
629 2329 778 2373 πάθος
811 2330 863 2373 δὲ
893 2331 1019 2385 παρὰ
1051 2332 1202 2385 φύειν.
1246 2334 1320 2375 καὶ
1442 2338 1503 2386 ig.
1538 2337 1656 2376 hanc
1689 2340 1767 2377 rat.

76 2394 203 2431 actus
235 2392 269 2432 A
303 2392 422 2433 hanc
455 2396 533 2434 rat.
568 2394 627 2443 ig.
661 2397 789 2434 actus
821 2394 858 2434 Β
890 2391 956 2444 (h.
990 2392 1054 2445 ο.)
1252 2396 1278 2436 6
1313 2393 1464 2446 igitur]
1499 2407 1609 2446 ergo
1641 2395 1680 2436 Β

75 2454 145 2490 est
176 2463 264 2492 om.
297 2451 332 2492 A
530 2452 554 2492 7
587 2463 696 2494 vero
729 2464 818 2494 om.
850 2453 885 2494 A
949 2465 1006 2495 ea
1036 2455 1071 2496 A
1270 2455 1296 2495 9
1329 2456 1466 2496 etiam
1501 2458 1570 2496 est
1602 2452 1664 2505 et]
1699 2460 1768 2496 est

75 2511 212 2550 etiam
243 2510 281 2551 B
341 2504 493 2565 (sed)
524 2512 597 2552 Ho
730 2512 783 2552 10
816 2525 953 2554 unam
987 2526 1075 2555 om.
1108 2514 1146 2554 B
1207 2516 1372 2556 eadem
1405 2509 1464 2555 Ρ1
1496 2526 1615 2555 corr.
1650 2508 1709 2556 1²²

79 2568 131 2608 12
165 2571 303 2619 partis
335 2582 408 2611 an.
442 2573 625 2623 transp.
657 2572 695 2612 Β
768 2576 917 2613 actum
950 2573 987 2614 Β
1111 2574 1165 2614 14
1198 2571 1310 2623 non]
1345 2585 1432 2616 nec
1464 2574 1498 2615 A
1626 2574 1679 2614 15
1712 2575 1767 2615 ir-

76 2629 309 2670 rationalis
340 2626 443 2680 (By,
475 2627 669 2682 ἀλόγου)
701 2631 774 2672 Ho
904 2632 956 2673 21
992 2634 1227 2674 sensibilis
1259 2634 1298 2674 Ρ
1328 2634 1560 2683 passibilis
1592 2634 1627 2675 A
1662 2645 1765 2675 sen-

74 2688 221 2728 sibilis
252 2689 484 2738 passibilis
506 2691 545 2731 B
666 2690 722 2731 23
754 2691 824 2732 De
857 2692 1163 2733 desiderativo
1196 2704 1282 2743 eqo
1315 2705 1416 2734 cum
1440 2694 1510 2744 By
1542 2693 1612 2735 De
1645 2694 1765 2734 desi-

75 2747 277 2788 derativa
301 2742 358 2789 Ρι
392 2748 438 2789 id
469 2754 539 2791 est
570 2752 920 2801 concupiscibili
953 2753 1064 2793 add.
1090 2746 1149 2793 Ρ8
1182 2752 1297 2793 *⁴¹17
1318 2754 1414 2804 fere
1438 2753 1583 2794 litae
1614 2764 1703 2794 om.
1730 2754 1763 2794 A

75 2817 221 2858 aeque
253 2819 310 2848 ac
343 2812 404 2857 72,
424 2813 474 2849 16
607 2809 664 2851 24
696 2811 955 2851 irrationale
988 2807 1035 2860 (e
1067 2823 1122 2853 ex
1154 2809 1180 2853 e
1213 2810 1337 2862 rad.)
1370 2812 1410 2853 Ρ
1470 2813 1638 2853 animal
1669 2813 1707 2854 Β

76 2865 131 2906 25
165 2867 253 2907 hoc
285 2878 340 2908 ex
371 2867 486 2909 haec
519 2871 622 2911 rad.
656 2870 695 2910 P
829 2882 975 2921 supra
1010 2872 1317 2913 desiderabile
1349 2884 1437 2913 scr.
1472 2873 1518 2912 id
1551 2876 1621 2913 est
1654 2884 1763 2913 con-

75 2927 344 2975 cupiscibile
369 2921 428 2967 Ρ8
