1982 3172
155 1144 207 1184 12

155 1367 206 1407 13

244 118 312 166 90
606 110 863 156 NEMESII
898 109 1212 155 PREMNON
1245 109 1570 156 PHYSICON

245 252 465 296 servant
500 247 746 308 integros
785 251 966 296 mente
1005 244 1127 296 sola
1164 245 1330 296 laesa.
1381 245 1568 297 Talem
1607 247 1791 311 itaque
1829 246 1920 298 de-

244 321 431 371 scribit
473 320 783 371 Galenus
828 320 1219 384 phreneticum,
1267 317 1376 384 ‘qui
1421 321 1631 373 lanario
1677 321 1919 385 quodam

244 409 426 445 coram
467 408 532 445 eo
574 394 860 445 laborante
901 408 1205 458 exsurgens
1246 395 1628 459 accipiensque
1667 410 1804 448 vasa
1840 397 1920 447 vi-

244 474 359 518 trea
393 468 465 518 ad
505 467 777 519 fenestras
814 468 1082 519 accedens
1120 468 1458 531 interrogare
1497 469 1678 532 coepit
1712 474 1922 520 transe-

242 548 400 593 untes
445 541 883 605 unumquodque
925 556 1187 593 vasorum
1232 556 1301 592 ex
1346 543 1567 593 nomine
1611 544 1918 601 nominans,
1966 560 1982 594 ε

243 617 287 666 si
317 615 523 666 vellent
557 615 694 666 illud
728 616 959 666 inferius
995 616 1098 667 sibi
1132 617 1336 668 iactari.
1379 615 1705 668 Astantibus
1735 622 1919 669 autem

243 704 301 740 se
337 690 480 741 velle
523 689 830 741 dicentibus
871 691 1048 754 primo
1088 691 1247 742 eiecit
1285 691 1720 754 unumquodque
1757 705 1920 743 vaso-

242 778 386 821 rum;
409 763 608 815 deinde
635 765 952 828 interrogat,
980 765 1025 815 si
1051 765 1216 816 etiam
1244 765 1513 815 lanarium
1538 765 1744 817 vellent
1765 765 1919 816 deici.

242 839 455 890 Ludum
513 845 697 890 autem
757 841 1107 891 credentibus
1151 855 1273 892 esse
1317 846 1369 892 et
1412 854 1471 892 se
1509 840 1653 892 velle
1694 855 1918 905 respon-

242 914 498 965 dentibus
542 914 817 978 accipiens
861 929 894 965 a
940 929 1156 966 summo
1214 915 1473 966 deorsum
1529 915 1790 967 demersit
1842 914 1982 966 la-1c

240 985 489 1038 narium'.
542 988 643 1038 Hic
683 1002 816 1039 vero
862 1003 1056 1040 sensus
1099 989 1338 1040 habebat
1379 990 1639 1053 integrOS,
1683 987 1919 1054 (viderat

240 1062 400 1120 enim,
432 1062 580 1126 quod
614 1077 751 1114 vasa
782 1064 920 1114 haec
952 1069 1005 1113 et
1039 1063 1282 1114 lanarius
1311 1060 1436 1127 hic,)
1468 1063 1565 1114 sed
1601 1063 1917 1116 infirmaba-

241 1141 326 1186 tur
366 1137 593 1187 ratione.
645 1135 755 1186 Alii
794 1150 927 1187 vero
972 1136 1271 1200 phrenetici
1313 1137 1530 1187 inanem
1571 1142 1917 1188 assumentes

241 1210 588 1272 phantasiam
627 1216 823 1273 putant
859 1210 1064 1268 videre,
1104 1224 1244 1274 quae
1283 1224 1393 1261 non
1430 1210 1636 1269 vident,
1675 1210 1773 1262 sed
1809 1210 1918 1261 alia

240 1284 542 1334 secundum
567 1284 835 1336 rationem
865 1285 1272 1336 ratiocinantur.
1313 1284 1406 1336 Isti
1435 1285 1737 1336 anteriores
1766 1284 1918 1336 solos
1945 1301 1982 1336 15

238 1364 458 1409 ventres
490 1359 694 1410 habent
729 1358 912 1410 laesos
947 1358 1140 1409 illaeso
1178 1365 1432 1410 manente
1466 1359 1666 1410 medio.
1710 1358 1761 1410 A
1793 1373 1917 1423 pas-

241 1433 488 1483 sionibus
523 1432 670 1483 enim
711 1433 1148 1496 unumquodque
1183 1433 1489 1484 membrum
1530 1433 1918 1484 comitantibus

240 1507 671 1570 uniuscuiusque
729 1513 885 1558 actus
945 1508 1391 1570 praepediuntur.
1461 1506 1519 1558 In
1578 1507 1674 1558 illo
1732 1513 1940 1558 autem-

189 1602 197 1610 ·
239 1595 406 1644 opere
441 1581 713 1632 detinetur
751 1581 970 1639 animal,
1007 1581 1155 1644 quod
1195 1582 1409 1644 patiens
1445 1581 1750 1632 membrum
1786 1595 1916 1644 ope-

154 2097 216 2146 14

183 2168 199 2208 1

240 1656 345 1705 rari
376 1661 567 1706 natum
604 1661 701 1712 est,
738 1661 797 1707 ut
833 1655 974 1718 pede
1011 1656 1251 1717 patiente
1285 1655 1356 1706 ad
1390 1655 1786 1706 ambulandum
1818 1656 1916 1706 im-
1941 1671 1982 1718 zu

240 1728 506 1792 pedimur.
563 1729 680 1779 Hoc
725 1743 965 1792 namque
1008 1730 1165 1791 pedis
1212 1744 1354 1792 opus
1399 1735 1497 1780 est.

453 1935 568 2002 DE
619 1934 1028 2003 OCCULTA
1075 1934 1179 2001 ET
1227 1934 1713 2002 MANIFESTA

829 2023 1336 2091 OCCASIONE

302 2159 452 2210 Haec
482 2160 648 2222 igitur
684 2165 768 2211 est
802 2173 912 2209 una
948 2159 1148 2210 divisio
1185 2159 1402 2211 virtutis
1438 2160 1668 2231 animae,
1703 2174 1812 2222 qua
1843 2160 1911 2210 si-

238 2233 350 2283 mul
394 2247 612 2296 quoque
657 2233 836 2284 divisa
879 2239 1004 2283 sunt
1049 2233 1321 2294 quaedam
1363 2233 1610 2284 membra
1651 2233 1911 2296 corporis.
1938 2249 1982 2283 ᾗ

317 2399 335 2438 1
372 2401 554 2439 servant
584 2398 619 2439 A
847 2397 873 2438 2
908 2397 1128 2439 Galienus
1161 2398 1200 2439 P
1231 2397 1285 2439 G.
1317 2398 1400 2439 AB
1431 2399 1574 2438 tacite
1605 2408 1723 2438 corr.
1754 2397 1828 2438 Ho

237 2457 263 2497 4
298 2458 540 2498 fenestram
573 2457 657 2499 AB
807 2457 832 2497 5
865 2468 1240 2507 unumquemque
1271 2451 1331 2498 P¹
1362 2469 1481 2498 corr.
1512 2450 1572 2497 Ρ8
1672 2457 1917 2497 nominans

237 2528 293 2557 ex
325 2518 513 2558 nomine
546 2529 666 2558 corr.
700 2514 766 2566 (h.
799 2513 863 2566 ο.)
894 2516 929 2557 Α
1081 2516 1108 2556 6
1140 2515 1295 2557 inferis
1327 2511 1387 2557 Ρι
1418 2527 1535 2557 corr.
1568 2509 1628 2556 Ρ2
1773 2515 1797 2555 7
1831 2516 1916 2565 pri·

238 2587 359 2616 mum
391 2575 426 2616 A
579 2576 605 2616 9
638 2579 789 2618 autem
822 2587 910 2616 om.
943 2575 978 2616 A
1093 2571 1495 2624 respondentibus]
1532 2575 1790 2616 dicentibus
1819 2574 1859 2615 Β

239 2634 292 2674 10
325 2636 508 2676 dorsum
541 2629 600 2676 P¹
632 2647 750 2676 corr.
783 2628 842 2676 1²²
904 2635 1086 2676 demisit
1114 2634 1153 2675 B
1289 2634 1343 2674 12
1373 2645 1486 2675 vasa
1517 2634 1632 2674 haec
1664 2635 1846 2685 transp.
1877 2633 1912 2674 A

294 2694 491 2735 lanarius
524 2691 572 2743 (u
604 2706 642 2736 s.
676 2705 716 2735 υ.
747 2695 902 2746 suppl.
935 2706 993 2734 m.
1024 2691 1068 2743 2)
1101 2693 1141 2734 P
1261 2693 1314 2734 13
1346 2693 1459 2734 alias
1491 2692 1530 2733 Β
1652 2692 1706 2733 16
1738 2690 1779 2732 Α
1810 2704 1847 2734 s.
1873 2704 1913 2733 υ.

234 2753 388 2803 suppl.
412 2747 473 2794 12²
593 2753 648 2793 22
680 2753 751 2794 De
783 2753 962 2795 occulta
993 2756 1039 2794 et
1070 2751 1310 2793 manifesta
1341 2752 1588 2793 occasione
1613 2751 1652 2792 P
1689 2751 1798 2792 M‘12
1819 2752 1915 2802 fere

235 2812 324 2852 litt.
356 2811 393 2852 Β
424 2824 512 2853 om.
545 2812 580 2853 A
614 2824 760 2863 aeque
792 2824 849 2853 ac
883 2817 943 2862 72,
962 2817 1014 2853 16
1154 2810 1210 2852 24
1241 2814 1310 2853 est
1341 2822 1433 2851 una
1465 2813 1646 2862 transp.
1677 2810 1715 2851 Β
1803 2807 1911 2860 qual

235 2881 354 2919 quae
386 2870 436 2919 A,
468 2872 577 2921 fort.
613 2864 787 2924 (cum)
821 2883 925 2922 qua,
957 2872 1014 2923 cf.
1044 2871 1113 2922 139
1145 2867 1238 2922 (El)
1448 2869 1503 2910 25
1537 2866 1739 2919 quoque]
1772 2879 1912 2920 quae-

197 2936 201 2942 *
236 2939 355 2979 quae
386 2930 424 2970 Β
514 2931 603 2971 div.
636 2933 741 2971 sunt
771 2931 954 2982 tran-sp.
984 2930 1020 2972 A
