1982 3172
131 616 198 666 36,

94 689 186 736 ,37

132 912 187 954 38

219 104 288 152 70
585 97 841 144 NEMESII
875 98 1190 145 PREMNON
1223 99 1547 146 PHYSICON

220 234 499 295 possibile.
539 234 831 284 Vinculum
866 236 1009 285 enim
1042 236 1096 285 in
1130 236 1314 287 medio
1346 242 1579 300 utraque
1611 244 1900 291 conectens

220 308 465 370 oportuit
495 308 632 358 fieri.
677 308 969 359 Vinculum
1005 316 1188 360 autem
1225 311 1494 372 optimum
1529 318 1626 370 est,
1662 313 1810 375 quod
1843 327 1901 364 se

220 383 402 444 ipsum
434 388 487 432 et
518 397 733 433 conexa
767 384 1003 434 maxime
1042 399 1209 434 unum
1247 384 1394 436 facit.
1439 385 1548 436 Sed
1579 387 1684 437 hoc
1717 388 1902 439 existit

220 457 485 518 perficere
522 458 732 519 optima
772 458 1176 509 similitudine.“
1224 459 1516 510 Vinculum
1555 467 1738 512 autem
1778 461 1902 512 dico

219 531 330 581 duo
350 531 533 581 media
558 531 829 582 elementa
854 546 950 594 per
975 533 1311 595 praedictam
1337 534 1651 598 analogiam
1676 549 1900 587 conexa.
1946 549 1969 583 5

221 605 324 660 Qui
364 619 498 656 vero
543 606 688 656 dicta
729 606 1203 657 Hebraeorum
1246 615 1591 667 venerantur,
1635 609 1902 662 differunt

220 694 251 729 a
285 694 342 730 se
380 679 448 730 de
485 679 637 731 caelo
673 686 727 731 et
764 687 921 732 terra.
970 681 1207 737 Quidam
1240 683 1458 741 etenim,
1496 684 1662 734 immo
1694 698 1901 743 omnes,

219 768 286 804 ex
318 754 469 804 nulla
506 756 909 817 praeexistente
943 757 1172 806 materia
1208 757 1414 807 factum
1451 771 1572 808 esse
1607 758 1818 809 caelum
1848 765 1902 810 et

221 834 419 879 terram
438 835 709 887 asserunt,
734 830 862 892 quia
884 829 939 879 M
955 844 987 880 o
1003 846 1037 893 y
1053 845 1077 881 s
1094 845 1121 881 e
1139 845 1164 880 s
1189 831 1342 881 dicit:
1377 831 1465 889 „In
1490 832 1759 895 principio
1774 832 1904 884 fecit

221 902 358 953 deus
404 903 615 953 caelum
664 909 716 954 et
762 901 1012 955 terram“
1067 905 1535 967 Apolinarius
1592 912 1776 958 autem
1833 906 1972 958 dem

220 978 424 1042 abysso
466 978 585 1029 vult
631 978 794 1029 deum
839 979 1050 1029 caelum
1095 985 1148 1030 et
1192 986 1389 1030 terram
1434 980 1647 1031 fecisse.
1698 980 1902 1046 Abyssi

221 1057 404 1102 autem
428 1053 764 1104 mentionem
794 1067 903 1104 non
933 1053 1062 1104 fecit
1091 1053 1370 1118 Moyses
1399 1055 1454 1104 in
1482 1055 1671 1117 genesi
1695 1055 1903 1112 mundi,

223 1132 503 1189 tamquam
527 1127 636 1176 iam
665 1126 859 1178 factae.
900 1127 957 1177 In
987 1127 1014 1176 J
1030 1128 1111 1178 ob
1140 1134 1323 1178 autem
1353 1129 1574 1179 dicitur:
1609 1128 1747 1187 „Qui
1774 1129 1905 1180 fecit

221 1200 534 1264 abyssum.“
600 1200 680 1252 De
725 1201 829 1252 hac
871 1202 1037 1264 igitur
1082 1208 1141 1252 ut
1184 1216 1252 1252 ex
1295 1203 1526 1253 materia
1567 1203 1753 1254 omnia
1796 1203 1905 1254 alia

221 1275 340 1325 vult
362 1289 483 1326 esse
512 1275 673 1333 facta,
701 1275 799 1326 sed
826 1290 949 1326 eam
977 1275 1181 1328 factam
1206 1290 1330 1328 esse
1353 1290 1484 1339 prae
1511 1277 1767 1347 omnibus
1790 1291 1905 1329 cor·
1931 1289 1973 1324 15

224 1349 507 1412 poralibus
543 1356 885 1412 procreatam
924 1365 956 1400 a
992 1357 1236 1402 creatore
1273 1351 1345 1401 ad
1381 1351 1615 1402 aliorum
1653 1351 1905 1403 substan-

224 1425 371 1474 tiam.
426 1423 682 1475 Ostendit
725 1439 859 1475 vero
900 1439 1103 1475 nomen
1146 1426 1311 1476 etiam
1355 1425 1558 1489 abyssi,
1603 1426 1751 1489 quod
1792 1440 1905 1476 ma-

136 1503 192 1551 39
224 1499 392 1548 teriae
435 1499 504 1549 sit
546 1499 754 1562 ignara.
807 1498 916 1550 Sed
959 1499 1065 1550 hoc
1107 1499 1343 1562 quidem,
1387 1500 1905 1563 quomodocumque

225 1586 283 1623 se
325 1572 541 1630 habeat,
587 1572 720 1622 nihil
767 1572 973 1623 differt.
1029 1573 1241 1624 Etenim
1287 1574 1365 1624 sic
1408 1573 1545 1624 deus
1585 1579 1642 1625 et
1695 1580 1907 1625 creator

133 1656 192 1713 Δ40
224 1648 471 1697 omnium
491 1646 801 1698 ostenditur
823 1654 876 1698 et
897 1661 964 1697 ex
986 1647 1157 1698 nihilo
1182 1661 1372 1698 creans
1395 1648 1595 1699 omnia.
1704 1647 1907 1699 Contra
1930 1659 1975 1694 20

135 2027 185 2069 41

224 1721 350 1772 illos
384 1726 584 1779 autem,
623 1722 715 1784 qui
750 1736 921 1771 unum
961 1721 1141 1772 solum
1180 1722 1367 1773 dicunt
1400 1735 1524 1772 esse
1557 1722 1904 1781 elementum,

224 1796 340 1846 sive
364 1796 548 1859 ignem
580 1796 696 1846 sive
725 1810 906 1846 aerem
939 1797 1054 1846 sive
1084 1810 1300 1859 aquam,
1331 1795 1615 1847 sufficiant
1639 1796 1904 1860 Hippo-

224 1871 441 1921 cratis
467 1869 627 1921 dicta.
669 1869 756 1927 „Si
785 1884 954 1919 unum
985 1876 1131 1920 esset
1159 1871 1341 1927 homo,
1370 1884 1652 1933 nunquam
1678 1869 1902 1922 doleret.

223 1944 363 1994 Nam
393 1958 494 1995 nec
523 1949 686 2002 esset,
719 1959 751 1994 a
786 1958 894 2007 quo
929 1944 1154 2002 doleret,
1186 1959 1356 1994 unum
1387 1945 1643 1995 existenS.
1687 1943 1902 2000 Quodsi

223 2018 414 2075 doluit,
437 2033 607 2068 unum
636 2024 796 2074 esset,
825 2019 974 2080 quod
1005 2018 1270 2068 sanaret.“
1310 2018 1542 2080 Oportet
1568 2016 1728 2076 enim,
1752 2019 1900 2081 quod
1925 2029 1970 2064 25

298 2153 315 2193 1
354 2154 400 2193 in
434 2154 587 2195 medio
617 2156 731 2204 post
761 2156 939 2194 conect.
969 2165 1081 2204 pon.
1113 2153 1197 2194 AB
1436 2153 1461 2193 5
1495 2153 1587 2195 duo
1619 2154 1752 2196 elem.
1785 2154 1903 2195 med.

222 2211 286 2261 (h.
306 2210 370 2263 ο.)
395 2213 498 2262 AB,
533 2224 659 2263 exsp.
687 2213 804 2254 med.
831 2213 922 2253 duo
957 2213 1089 2254 elem.
1154 2210 1249 2262 per]
1285 2215 1468 2262 propter
1490 2212 1529 2253 B
1589 2224 1846 2254 connexam
1870 2213 1909 2254 Β

221 2284 448 2313 annexam
482 2273 516 2313 A
677 2273 703 2312 6
737 2271 875 2318 Quod
906 2283 1013 2313 vero
1047 2274 1284 2313 ebreorum
1318 2272 1439 2312 dicta
1471 2271 1506 2312 A
1659 2272 1684 2312 7
1717 2269 1904 2321 etenim]

220 2333 341 2372 enim
375 2332 409 2373 A
593 2331 738 2371 9—10
771 2335 979 2372 asserunt
1010 2362 1021 2373 .
1047 2362 1058 2373 .
1084 2362 1094 2372 .
1128 2330 1316 2373 terram“
1350 2342 1439 2371 om.
1471 2331 1509 2371 B
1673 2331 1700 2371 9
1731 2331 1839 2372 fecit
1869 2332 1909 2372 Ρ

220 2392 388 2432 creavit
419 2391 452 2432 A
609 2390 662 2430 10
695 2389 989 2440 Apolinarius
1022 2403 1107 2441 eyo
1141 2385 1496 2440 (Ἀπολινάριοε,
1530 2391 1586 2440 cf.
1618 2387 1729 2440 5,13)
1762 2389 1904 2440 Apol-

217 2451 403 2491 linarius
435 2451 565 2492 PAB
718 2450 885 2490 10—11
923 2451 980 2491 de
1013 2452 1182 2502 abysso
1211 2451 1325 2501 post
1354 2452 1513 2490 terram
1540 2445 1635 2499 (11)
1665 2461 1777 2500 pon.
1809 2450 1844 2491 A

221 2510 269 2549 11
307 2511 443 2551 deum
476 2511 524 2550 in
558 2522 652 2551 ras.
685 2503 745 2550 1³²
907 2509 961 2549 12
994 2507 1162 2559 autem]
1196 2520 1304 2550 vero
1335 2509 1374 2549 B
1536 2507 1589 2548 14
1621 2509 1815 2560 abyssus
1846 2503 1905 2550 P¹

218 2581 335 2610 corr.
368 2562 429 2610 12²
551 2569 604 2609 15
633 2571 746 2620 post
776 2569 895 2609 facta
926 2570 971 2610 d.
997 2571 1025 2609 ι’.
1052 2581 1092 2609 υ.
1125 2564 1180 2607 οὐ
1215 2565 1306 2618 μὴν
1337 2563 1564 2617 ἀγένητον
1696 2568 1750 2608 16
1781 2579 1903 2610 crea-

217 2626 330 2677 tore]
357 2629 446 2669 deo
463 2629 501 2670 B
594 2628 647 2668 17
673 2630 809 2670 etiam
835 2629 989 2679 abyssi
1014 2631 1196 2679 transp.
1213 2627 1251 2668 Β
1335 2625 1506 2667 17-18
1532 2629 1719 2668 materia
1742 2627 1842 2668 fitA

218 2687 273 2726 20
306 2691 351 2728 et
382 2699 439 2728 ex
470 2688 614 2728 nihilo
647 2698 807 2729 creans
839 2688 995 2728 omnia
1026 2699 1112 2738 eqo
1145 2690 1190 2728 et
1221 2698 1279 2728 ex
1309 2685 1479 2727 nichilo
1505 2687 1662 2727 omnia
1685 2697 1844 2728 creans
1866 2686 1907 2727 P

218 2750 263 2787 et
294 2747 450 2786 omnia
481 2758 539 2787 ex
571 2747 742 2788 nichilo
775 2757 934 2788 creans
967 2747 1001 2787 A
1035 2744 1100 2797 (h.
1119 2743 1183 2796 o.)
1216 2748 1261 2787 et
1291 2744 1462 2785 nichilo
1497 2755 1657 2786 creans
1689 2747 1845 2787 omnia
1867 2746 1905 2786 B

278 2805 327 2844 21
366 2806 491 2855 quod
524 2806 555 2846 A
660 2807 745 2846 dic.
779 2808 890 2847 ante
921 2817 1060 2846 unum
1091 2817 1202 2856 pon.
1234 2805 1272 2844 Β
1421 2803 1476 2843 24
1509 2801 1648 2853 esset]
1682 2805 1819 2846 etiam
1850 2804 1902 2853 A,

216 2866 324 2905 item
356 2869 433 2913 25‚·
468 2869 527 2914 71,
545 2870 583 2914 4,
603 2869 653 2905 10
814 2865 990 2914 25—p.
1011 2866 1119 2912 7l,3
1150 2865 1270 2905 enim
1304 2863 1458 2903 dolere
1493 2867 1746 2912 permutare
1777 2864 1903 2914 quod

217 2924 409 2967 futurum
445 2926 512 2963 est
544 2924 590 2964 in
624 2925 958 2974 permutatione
990 2924 1088 2966 fieri
1118 2922 1526 2965 consensibilitate.
1575 2922 1668 2964 Sed
1698 2924 1736 2964 si
1761 2933 1900 2964 unum
