<?xml version="1.0" encoding="UTF-8"?>
<!DOCTYPE html PUBLIC "-//W3C//DTD XHTML 1.0 Transitional//EN"
    "http://www.w3.org/TR/xhtml1/DTD/xhtml1-transitional.dtd">
<html xmlns="http://www.w3.org/1999/xhtml" xml:lang="en" lang="en">
 <head>
  <title>
</title>
<meta http-equiv="Content-Type" content="text/html;charset=utf-8" />
  <meta name='ocr-system' content='tesseract 3.04.00' />
  <meta name='ocr-capabilities' content='ocr_page ocr_carea ocr_par ocr_line ocrx_word'/>
</head>
<body>
  <div class='ocr_page' id='page_1' title='image "./nemesiiepiscopip00nemeuoft_0098.png"; bbox 0 0 1982 3172; ppageno 0'>
   <div class='ocr_carea' id='block_1_1' title="bbox 250 82 1577 169">
    <p class='ocr_par' dir='ltr' id='par_1_1' title="bbox 250 82 1577 169">
     <span class='ocr_line' id='line_1_1' title="bbox 250 82 1577 169; baseline 0.005 -13"><span class='ocrx_word' id='word_1_1' title='bbox 250 118 321 169; x_wconf 87' lang='lat'><strong>82</strong></span> <span class='ocrx_word' id='word_1_2' title='bbox 615 112 872 159; x_wconf 83' lang='lat' dir='ltr'><strong>NEMEsn</strong></span> <span class='ocrx_word' id='word_1_3' title='bbox 905 82 1220 159; x_wconf 80' lang='lat' dir='ltr'>PREMNON</span> <span class='ocrx_word' id='word_1_4' title='bbox 1254 113 1577 162; x_wconf 71' lang='lat' dir='ltr'><strong>PHvslcon</strong></span> 
     </span>
    </p>
   </div>
   <div class='ocr_carea' id='block_1_2' title="bbox 148 249 1982 2021">
    <p class='ocr_par' dir='ltr' id='par_1_2' title="bbox 247 249 1928 465">
     <span class='ocr_line' id='line_1_2' title="bbox 250 249 1927 312; baseline 0.003 -14"><span class='ocrx_word' id='word_1_5' title='bbox 250 255 334 298; x_wconf 92' lang='lat' dir='ltr'><strong>tor</strong></span> <span class='ocrx_word' id='word_1_6' title='bbox 371 263 483 299; x_wconf 91' lang='lat' dir='ltr'><strong>non</strong></span> <span class='ocrx_word' id='word_1_7' title='bbox 527 249 824 300; x_wconf 90' lang='lat' dir='ltr'><strong>destinavit</strong></span> <span class='ocrx_word' id='word_1_8' title='bbox 864 251 1048 307; x_wconf 88' lang='lat' dir='ltr'><strong>tactui,</strong></span> <span class='ocrx_word' id='word_1_9' title='bbox 1091 251 1189 300; x_wconf 92' lang='lat' dir='ltr'><strong>sed</strong></span> <span class='ocrx_word' id='word_1_10' title='bbox 1231 253 1417 312; x_wconf 91' lang='lat' dir='ltr'><strong>potius</strong></span> <span class='ocrx_word' id='word_1_11' title='bbox 1459 258 1634 302; x_wconf 91' lang='lat' dir='ltr'><strong>totum</strong></span> <span class='ocrx_word' id='word_1_12' title='bbox 1673 253 1927 304; x_wconf 90' lang='lat' dir='ltr'><strong>animalis</strong></span> 
     </span>
     <span class='ocr_line' id='line_1_3' title="bbox 250 323 1928 387; baseline 0.004 -14"><span class='ocrx_word' id='word_1_13' title='bbox 250 336 466 386; x_wconf 90' lang='lat' dir='ltr'><strong>corpus.</strong></span> <span class='ocrx_word' id='word_1_14' title='bbox 515 323 657 373; x_wconf 90' lang='lat' dir='ltr'><strong>Nam</strong></span> <span class='ocrx_word' id='word_1_15' title='bbox 700 329 915 385; x_wconf 85' lang='lat' dir='ltr'><strong>praeter</strong></span> <span class='ocrx_word' id='word_1_16' title='bbox 954 337 1084 374; x_wconf 90' lang='lat' dir='ltr'><strong>ossa</strong></span> <span class='ocrx_word' id='word_1_17' title='bbox 1123 330 1177 375; x_wconf 92' lang='lat' dir='ltr'><strong>et</strong></span> <span class='ocrx_word' id='word_1_18' title='bbox 1216 324 1455 387; x_wconf 86' lang='lat' dir='ltr'><strong>ungulas</strong></span> <span class='ocrx_word' id='word_1_19' title='bbox 1492 333 1548 377; x_wconf 88' lang='lat' dir='ltr'><strong>et</strong></span> <span class='ocrx_word' id='word_1_20' title='bbox 1583 340 1804 386; x_wconf 84' lang='lat' dir='ltr'><strong>cornua,</strong></span> <span class='ocrx_word' id='word_1_21' title='bbox 1840 341 1928 378; x_wconf 90' lang='lat' dir='ltr'><strong>co-</strong></span> 
     </span>
     <span class='ocr_line' id='line_1_4' title="bbox 247 397 1928 465; baseline 0.004 -19"><span class='ocrx_word' id='word_1_22' title='bbox 247 398 513 447; x_wconf 89' lang='lat' dir='ltr'><strong>nexiones</strong></span> <span class='ocrx_word' id='word_1_23' title='bbox 537 403 702 460; x_wconf 90' lang='lat' dir='ltr'><strong>atque</strong></span> <span class='ocrx_word' id='word_1_24' title='bbox 732 397 876 460; x_wconf 93' lang='lat' dir='ltr'><strong>pilos</strong></span> <span class='ocrx_word' id='word_1_25' title='bbox 902 403 957 449; x_wconf 92' lang='lat' dir='ltr'><strong>et</strong></span> <span class='ocrx_word' id='word_1_26' title='bbox 985 397 1095 448; x_wconf 91' lang='lat' dir='ltr'><strong>alia</strong></span> <span class='ocrx_word' id='word_1_27' title='bbox 1124 398 1397 461; x_wconf 85' lang='lat' dir='ltr'>quaedam</span> <span class='ocrx_word' id='word_1_28' title='bbox 1424 399 1742 465; x_wconf 86' lang='lat' dir='ltr'><strong>huiusmodi</strong></span> <span class='ocrx_word' id='word_1_29' title='bbox 1767 414 1928 452; x_wconf 88' lang='lat' dir='ltr'><strong>omne</strong></span> 
     </span>
    </p>

    <p class='ocr_par' dir='ltr' id='par_1_3' title="bbox 189 471 1982 909">
     <span class='ocr_line' id='line_1_5' title="bbox 189 471 1928 538; baseline 0.003 -18"><span class='ocrx_word' id='word_1_30' title='bbox 189 481 214 520; x_wconf 84' lang='lat'>6</span> <span class='ocrx_word' id='word_1_31' title='bbox 247 471 552 522; x_wconf 85' lang='lat' dir='ltr'><strong>membrum</strong></span> <span class='ocrx_word' id='word_1_32' title='bbox 587 473 834 534; x_wconf 90' lang='lat' dir='ltr'><strong>corporis</strong></span> <span class='ocrx_word' id='word_1_33' title='bbox 871 478 1019 524; x_wconf 90' lang='lat' dir='ltr'><strong>tactu</strong></span> <span class='ocrx_word' id='word_1_34' title='bbox 1056 473 1436 535; x_wconf 79' lang='lat' dir='ltr'>apprehendit.</span> <span class='ocrx_word' id='word_1_35' title='bbox 1485 473 1727 538; x_wconf 87' lang='lat' dir='ltr'><strong>Contigit</strong></span> <span class='ocrx_word' id='word_1_36' title='bbox 1761 476 1928 538; x_wconf 87' lang='lat' dir='ltr'><strong>igitur</strong></span> 
     </span>
     <span class='ocr_line' id='line_1_6' title="bbox 246 546 1982 610; baseline 0.002 -14"><span class='ocrx_word' id='word_1_37' title='bbox 246 559 698 608; x_wconf 91' lang='lat' dir='ltr'><strong>unumquemque</strong></span> <span class='ocrx_word' id='word_1_38' title='bbox 720 560 982 597; x_wconf 92' lang='lat' dir='ltr'><strong>sensuum</strong></span> <span class='ocrx_word' id='word_1_39' title='bbox 1014 546 1262 610; x_wconf 87' lang='lat' dir='ltr'>duplices</span> <span class='ocrx_word' id='word_1_40' title='bbox 1289 547 1491 599; x_wconf 87' lang='lat' dir='ltr'><strong>habere</strong></span> <span class='ocrx_word' id='word_1_41' title='bbox 1521 548 1925 609; x_wconf 82' lang='lat' dir='ltr'><strong>sensibilitateS‚</strong></span> <span class='ocrx_word' id='word_1_42' title='bbox 1973 567 1982 599; x_wconf 77' lang='grc' dir='ltr'><strong><em>ε</em></strong></span> 
     </span>
     <span class='ocr_line' id='line_1_7' title="bbox 246 620 1925 682; baseline 0.004 -13"><span class='ocrx_word' id='word_1_43' title='bbox 246 633 411 669; x_wconf 92' lang='lat' dir='ltr'><strong>unam</strong></span> <span class='ocrx_word' id='word_1_44' title='bbox 449 620 672 682; x_wconf 91' lang='lat' dir='ltr'><strong>quidem</strong></span> <span class='ocrx_word' id='word_1_45' title='bbox 713 635 939 671; x_wconf 92' lang='lat' dir='ltr'><strong>suorum</strong></span> <span class='ocrx_word' id='word_1_46' title='bbox 978 621 1335 680; x_wconf 88' lang='lat' dir='ltr'><strong>sensibilium,</strong></span> <span class='ocrx_word' id='word_1_47' title='bbox 1374 622 1539 673; x_wconf 93' lang='lat' dir='ltr'><strong>aliam</strong></span> <span class='ocrx_word' id='word_1_48' title='bbox 1575 636 1710 674; x_wconf 90' lang='lat' dir='ltr'><strong>vero</strong></span> <span class='ocrx_word' id='word_1_49' title='bbox 1746 629 1925 675; x_wconf 89' lang='lat' dir='ltr'><strong>tactus</strong></span> 
     </span>
     <span class='ocr_line' id='line_1_8' title="bbox 244 693 1924 761; baseline 0.004 -18"><span class='ocrx_word' id='word_1_50' title='bbox 244 700 303 745; x_wconf 93' lang='lat' dir='ltr'><strong>ut</strong></span> <span class='ocrx_word' id='word_1_51' title='bbox 331 695 502 744; x_wconf 80' lang='lat' dir='ltr'><strong>visus,</strong></span> <span class='ocrx_word' id='word_1_52' title='bbox 549 693 762 746; x_wconf 91' lang='lat' dir='ltr'><strong>Etenim</strong></span> <span class='ocrx_word' id='word_1_53' title='bbox 797 695 1010 746; x_wconf 90' lang='lat' dir='ltr'><strong>colores</strong></span> <span class='ocrx_word' id='word_1_54' title='bbox 1047 695 1306 747; x_wconf 91' lang='lat' dir='ltr'><strong>discernit</strong></span> <span class='ocrx_word' id='word_1_55' title='bbox 1338 702 1393 747; x_wconf 93' lang='lat' dir='ltr'><strong>et</strong></span> <span class='ocrx_word' id='word_1_56' title='bbox 1426 696 1607 748; x_wconf 90' lang='lat' dir='ltr'><strong>calida</strong></span> <span class='ocrx_word' id='word_1_57' title='bbox 1637 702 1690 749; x_wconf 92' lang='lat' dir='ltr'><strong>et</strong></span> <span class='ocrx_word' id='word_1_58' title='bbox 1719 697 1924 761; x_wconf 79' lang='lat' dir='ltr'><strong>frigida</strong></span> 
     </span>
     <span class='ocr_line' id='line_1_9' title="bbox 244 768 1923 834; baseline 0.003 -16"><span class='ocrx_word' id='word_1_59' title='bbox 244 768 675 831; x_wconf 91' lang='lat' dir='ltr'><strong>comprehendit,</strong></span> <span class='ocrx_word' id='word_1_60' title='bbox 721 769 819 820; x_wconf 92' lang='lat' dir='ltr'><strong>sed</strong></span> <span class='ocrx_word' id='word_1_61' title='bbox 863 769 1002 820; x_wconf 88' lang='lat' dir='ltr'><strong>haec</strong></span> <span class='ocrx_word' id='word_1_62' title='bbox 1045 770 1266 833; x_wconf 90' lang='lat' dir='ltr'><strong>quidem</strong></span> <span class='ocrx_word' id='word_1_63' title='bbox 1312 777 1374 822; x_wconf 92' lang='lat' dir='ltr'><strong>ut</strong></span> <span class='ocrx_word' id='word_1_64' title='bbox 1418 785 1665 834; x_wconf 90' lang='lat' dir='ltr'><strong>corpora,</strong></span> <span class='ocrx_word' id='word_1_65' title='bbox 1710 771 1923 824; x_wconf 89' lang='lat' dir='ltr'><strong>colores</strong></span> 
     </span>
     <span class='ocr_line' id='line_1_10' title="bbox 240 843 1921 909; baseline 0.003 -17"><span class='ocrx_word' id='word_1_66' title='bbox 240 848 425 893; x_wconf 92' lang='lat' dir='ltr'><strong>autem</strong></span> <span class='ocrx_word' id='word_1_67' title='bbox 456 849 517 894; x_wconf 90' lang='lat' dir='ltr'><strong>ut</strong></span> <span class='ocrx_word' id='word_1_68' title='bbox 548 844 719 894; x_wconf 90' lang='lat' dir='ltr'><strong>visus.</strong></span> <span class='ocrx_word' id='word_1_69' title='bbox 765 843 1026 895; x_wconf 87' lang='lat' dir='ltr'><strong>Similiter</strong></span> <span class='ocrx_word' id='word_1_70' title='bbox 1058 846 1224 895; x_wconf 89' lang='lat' dir='ltr'><strong>etiam</strong></span> <span class='ocrx_word' id='word_1_71' title='bbox 1255 851 1312 896; x_wconf 92' lang='lat' dir='ltr'><strong>et</strong></span> <span class='ocrx_word' id='word_1_72' title='bbox 1343 851 1541 909; x_wconf 86' lang='lat' dir='ltr'><strong>gustus</strong></span> <span class='ocrx_word' id='word_1_73' title='bbox 1570 851 1626 897; x_wconf 91' lang='lat' dir='ltr'><strong>et</strong></span> <span class='ocrx_word' id='word_1_74' title='bbox 1654 845 1921 898; x_wconf 91' lang='lat' dir='ltr'><strong>odoratus</strong></span> 
     </span>
    </p>

    <p class='ocr_par' dir='ltr' id='par_1_4' title="bbox 183 917 1982 1204">
     <span class='ocr_line' id='line_1_11' title="bbox 183 917 1982 983; baseline 0.003 -16"><span class='ocrx_word' id='word_1_75' title='bbox 183 929 206 967; x_wconf 87' lang='lat'>7</span> <span class='ocrx_word' id='word_1_76' title='bbox 239 923 292 968; x_wconf 90' lang='lat' dir='ltr'><strong>et</strong></span> <span class='ocrx_word' id='word_1_77' title='bbox 320 917 561 968; x_wconf 79' lang='lat' dir='ltr'><strong>auditus,</strong></span> <span class='ocrx_word' id='word_1_78' title='bbox 685 917 981 974; x_wconf 87' lang='lat' dir='ltr'><strong>Quomodo</strong></span> <span class='ocrx_word' id='word_1_79' title='bbox 1015 919 1182 982; x_wconf 88' lang='lat' dir='ltr'><strong>igitur</strong></span> <span class='ocrx_word' id='word_1_80' title='bbox 1215 920 1384 970; x_wconf 89' lang='lat' dir='ltr'><strong>totius</strong></span> <span class='ocrx_word' id='word_1_81' title='bbox 1419 921 1665 983; x_wconf 88' lang='lat' dir='ltr'><strong>corporis</strong></span> <span class='ocrx_word' id='word_1_82' title='bbox 1698 925 1782 972; x_wconf 91' lang='lat' dir='ltr'><strong>est</strong></span> <span class='ocrx_word' id='word_1_83' title='bbox 1810 926 1921 972; x_wconf 88' lang='lat' dir='ltr'><strong>tac·</strong></span> <span class='ocrx_word' id='word_1_84' title='bbox 1948 937 1982 972; x_wconf 73' lang='grc' dir='ltr'><strong>ιε</strong></span> 
     </span>
     <span class='ocr_line' id='line_1_12' title="bbox 238 992 1920 1051; baseline 0.002 -9"><span class='ocrx_word' id='word_1_85' title='bbox 238 998 344 1051; x_wconf 85' lang='lat' dir='ltr'><strong>tuS,</strong></span> <span class='ocrx_word' id='word_1_86' title='bbox 378 992 424 1043; x_wconf 93' lang='lat' dir='ltr'><strong>si</strong></span> <span class='ocrx_word' id='word_1_87' title='bbox 460 992 529 1042; x_wconf 92' lang='lat' dir='ltr'><strong>ab</strong></span> <span class='ocrx_word' id='word_1_88' title='bbox 565 993 932 1044; x_wconf 83' lang='lat' dir='ltr'><strong>anterioribus</strong></span> <span class='ocrx_word' id='word_1_89' title='bbox 967 993 1252 1045; x_wconf 91' lang='lat' dir='ltr'><strong>ventribus</strong></span> <span class='ocrx_word' id='word_1_90' title='bbox 1290 993 1495 1044; x_wconf 89' lang='lat' dir='ltr'><strong>cerebri</strong></span> <span class='ocrx_word' id='word_1_91' title='bbox 1531 994 1764 1045; x_wconf 91' lang='lat' dir='ltr'><strong>dicimus</strong></span> <span class='ocrx_word' id='word_1_92' title='bbox 1796 1008 1920 1046; x_wconf 90' lang='lat' dir='ltr'><strong>esse</strong></span> 
     </span>
     <span class='ocr_line' id='line_1_13' title="bbox 240 1065 1920 1130; baseline 0.002 -14"><span class='ocrx_word' id='word_1_93' title='bbox 240 1065 670 1118; x_wconf 80' lang='lat' dir='ltr'><strong>sensibilitates?</strong></span> <span class='ocrx_word' id='word_1_94' title='bbox 708 1066 1265 1130; x_wconf 48' lang='lat' dir='ltr'><strong>Manifestum„quod</strong></span> <span class='ocrx_word' id='word_1_95' title='bbox 1296 1074 1393 1119; x_wconf 90' lang='lat' dir='ltr'><strong>aut</strong></span> <span class='ocrx_word' id='word_1_96' title='bbox 1422 1069 1575 1119; x_wconf 90' lang='lat' dir='ltr'><strong>nervi</strong></span> <span class='ocrx_word' id='word_1_97' title='bbox 1608 1069 1715 1120; x_wconf 93' lang='lat' dir='ltr'><strong>sint</strong></span> <span class='ocrx_word' id='word_1_98' title='bbox 1745 1074 1920 1120; x_wconf 88' lang='lat' dir='ltr'><strong>trans-</strong></span> 
     </span>
     <span class='ocr_line' id='line_1_14' title="bbox 238 1141 1919 1204; baseline 0.002 -14"><span class='ocrx_word' id='word_1_99' title='bbox 238 1141 393 1191; x_wconf 91' lang='lat' dir='ltr'><strong>missi</strong></span> <span class='ocrx_word' id='word_1_100' title='bbox 433 1155 468 1190; x_wconf 92' lang='lat' dir='ltr'><strong>a</strong></span> <span class='ocrx_word' id='word_1_101' title='bbox 512 1141 734 1192; x_wconf 90' lang='lat' dir='ltr'><strong>cerebro</strong></span> <span class='ocrx_word' id='word_1_102' title='bbox 777 1147 832 1192; x_wconf 93' lang='lat' dir='ltr'><strong>et</strong></span> <span class='ocrx_word' id='word_1_103' title='bbox 876 1141 1112 1204; x_wconf 91' lang='lat' dir='ltr'><strong>dispersi</strong></span> <span class='ocrx_word' id='word_1_104' title='bbox 1155 1143 1210 1192; x_wconf 94' lang='lat' dir='ltr'><strong>in</strong></span> <span class='ocrx_word' id='word_1_105' title='bbox 1255 1156 1417 1193; x_wconf 93' lang='lat' dir='ltr'><strong>omne</strong></span> <span class='ocrx_word' id='word_1_106' title='bbox 1455 1143 1763 1193; x_wconf 91' lang='lat' dir='ltr'><strong>membrum</strong></span> <span class='ocrx_word' id='word_1_107' title='bbox 1803 1157 1919 1194; x_wconf 93' lang='lat' dir='ltr'><strong>cor-</strong></span> 
     </span>
    </p>

    <p class='ocr_par' dir='ltr' id='par_1_5' title="bbox 180 1215 1982 1576">
     <span class='ocr_line' id='line_1_15' title="bbox 180 1215 1918 1280; baseline 0.002 -16"><span class='ocrx_word' id='word_1_108' title='bbox 180 1226 205 1264; x_wconf 89' lang='lat'>8</span> <span class='ocrx_word' id='word_1_109' title='bbox 238 1215 405 1278; x_wconf 85' lang='lat' dir='ltr'><strong>poriS,</strong></span> <span class='ocrx_word' id='word_1_110' title='bbox 448 1221 543 1266; x_wconf 91' lang='lat' dir='ltr'><strong>aut</strong></span> <span class='ocrx_word' id='word_1_111' title='bbox 589 1221 767 1266; x_wconf 88' lang='lat' dir='ltr'><strong>tactus</strong></span> <span class='ocrx_word' id='word_1_112' title='bbox 812 1215 1146 1267; x_wconf 85' lang='lat' dir='ltr'><strong>sensibilitas</strong></span> <span class='ocrx_word' id='word_1_113' title='bbox 1189 1216 1240 1266; x_wconf 91' lang='lat' dir='ltr'><strong>ei</strong></span> <span class='ocrx_word' id='word_1_114' title='bbox 1286 1217 1582 1280; x_wconf 86' lang='lat' dir='ltr'><strong>contingat.</strong></span> <span class='ocrx_word' id='word_1_115' title='bbox 1637 1216 1748 1268; x_wconf 88' lang='lat' dir='ltr'><strong>Sed</strong></span> <span class='ocrx_word' id='word_1_116' title='bbox 1790 1218 1918 1280; x_wconf 92' lang='lat' dir='ltr'><strong>quia</strong></span> 
     </span>
     <span class='ocr_line' id='line_1_16' title="bbox 236 1288 1982 1354; baseline 0.001 -15"><span class='ocrx_word' id='word_1_117' title='bbox 236 1288 557 1341; x_wconf 88' lang='lat' dir='ltr'><strong>multotiens</strong></span> <span class='ocrx_word' id='word_1_118' title='bbox 599 1304 634 1340; x_wconf 94' lang='lat' dir='ltr'><strong>a</strong></span> <span class='ocrx_word' id='word_1_119' title='bbox 680 1291 840 1353; x_wconf 93' lang='lat' dir='ltr'><strong>spina</strong></span> <span class='ocrx_word' id='word_1_120' title='bbox 883 1289 1094 1353; x_wconf 85' lang='lat' dir='ltr'><strong>plagati</strong></span> <span class='ocrx_word' id='word_1_121' title='bbox 1139 1290 1339 1354; x_wconf 92' lang='lat' dir='ltr'><strong>pedem</strong></span> <span class='ocrx_word' id='word_1_122' title='bbox 1386 1292 1581 1354; x_wconf 91' lang='lat' dir='ltr'><strong>capitis</strong></span> <span class='ocrx_word' id='word_1_123' title='bbox 1626 1290 1916 1343; x_wconf 85' lang='lat' dir='ltr'><strong>confestim</strong></span> <span class='ocrx_word' id='word_1_124' title='bbox 1944 1305 1982 1341; x_wconf 83' lang='lat'><strong>15</strong></span> 
     </span>
     <span class='ocr_line' id='line_1_17' title="bbox 236 1362 1918 1428; baseline 0.002 -15"><span class='ocrx_word' id='word_1_125' title='bbox 236 1363 363 1427; x_wconf 93' lang='lat' dir='ltr'><strong>pilis</strong></span> <span class='ocrx_word' id='word_1_126' title='bbox 386 1362 752 1427; x_wconf 57' lang='lat' dir='ltr'><strong>frigescimus</strong></span> <span class='ocrx_word' id='word_1_127' title='bbox 777 1370 1053 1415; x_wconf 90' lang='lat' dir='ltr'><strong>noverunt</strong></span> <span class='ocrx_word' id='word_1_128' title='bbox 1080 1364 1305 1427; x_wconf 91' lang='lat' dir='ltr'><strong>quidam</strong></span> <span class='ocrx_word' id='word_1_129' title='bbox 1334 1365 1650 1427; x_wconf 84' lang='lat' dir='ltr'><strong>passionem</strong></span> <span class='ocrx_word' id='word_1_130' title='bbox 1676 1364 1765 1416; x_wconf 91' lang='lat' dir='ltr'><strong>vel</strong></span> <span class='ocrx_word' id='word_1_131' title='bbox 1792 1379 1918 1428; x_wconf 89' lang='lat' dir='ltr'><strong>pas-</strong></span> 
     </span>
     <span class='ocr_line' id='line_1_18' title="bbox 236 1438 1916 1491; baseline 0.002 -4"><span class='ocrx_word' id='word_1_132' title='bbox 236 1438 408 1488; x_wconf 93' lang='lat' dir='ltr'><strong>sionis</strong></span> <span class='ocrx_word' id='word_1_133' title='bbox 440 1438 858 1490; x_wconf 89' lang='lat' dir='ltr'><strong>sensibilitatem</strong></span> <span class='ocrx_word' id='word_1_134' title='bbox 894 1438 965 1488; x_wconf 95' lang='lat' dir='ltr'><strong>ad</strong></span> <span class='ocrx_word' id='word_1_135' title='bbox 1001 1439 1282 1489; x_wconf 89' lang='lat' dir='ltr'><strong>cerebrum</strong></span> <span class='ocrx_word' id='word_1_136' title='bbox 1319 1439 1565 1490; x_wconf 89' lang='lat' dir='ltr'><strong>submitti</strong></span> <span class='ocrx_word' id='word_1_137' title='bbox 1598 1445 1654 1490; x_wconf 91' lang='lat' dir='ltr'><strong>et</strong></span> <span class='ocrx_word' id='word_1_138' title='bbox 1687 1439 1766 1491; x_wconf 92' lang='lat' dir='ltr'><strong>sic</strong></span> <span class='ocrx_word' id='word_1_139' title='bbox 1796 1453 1916 1491; x_wconf 90' lang='lat' dir='ltr'><strong>sen-</strong></span> 
     </span>
     <span class='ocr_line' id='line_1_19' title="bbox 232 1511 1916 1576; baseline 0.002 -13"><span class='ocrx_word' id='word_1_140' title='bbox 232 1513 350 1563; x_wconf 89' lang='lat' dir='ltr'><strong>tire.</strong></span> <span class='ocrx_word' id='word_1_141' title='bbox 393 1511 502 1563; x_wconf 94' lang='lat' dir='ltr'><strong>Sed</strong></span> <span class='ocrx_word' id='word_1_142' title='bbox 539 1513 585 1563; x_wconf 90' lang='lat' dir='ltr'><strong>si</strong></span> <span class='ocrx_word' id='word_1_143' title='bbox 618 1526 752 1563; x_wconf 88' lang='lat' dir='ltr'><strong>vera</strong></span> <span class='ocrx_word' id='word_1_144' title='bbox 784 1519 934 1564; x_wconf 91' lang='lat' dir='ltr'><strong>esset</strong></span> <span class='ocrx_word' id='word_1_145' title='bbox 964 1512 1102 1563; x_wconf 92' lang='lat' dir='ltr'><strong>haec</strong></span> <span class='ocrx_word' id='word_1_146' title='bbox 1133 1514 1290 1571; x_wconf 83' lang='lat' dir='ltr'><strong>ratic,</strong></span> <span class='ocrx_word' id='word_1_147' title='bbox 1320 1527 1672 1576; x_wconf 90' lang='lat' dir='ltr'><strong>nequaquam</strong></span> <span class='ocrx_word' id='word_1_148' title='bbox 1704 1513 1916 1566; x_wconf 90' lang='lat' dir='ltr'><strong>doleret</strong></span> 
     </span>
    </p>

    <p class='ocr_par' dir='ltr' id='par_1_6' title="bbox 177 1586 1982 1946">
     <span class='ocr_line' id='line_1_20' title="bbox 177 1586 1915 1645; baseline 0.002 -9"><span class='ocrx_word' id='word_1_149' title='bbox 177 1598 202 1636; x_wconf 87' lang='lat'><strong>9</strong></span> <span class='ocrx_word' id='word_1_150' title='bbox 234 1586 539 1636; x_wconf 90' lang='lat' dir='ltr'><strong>membrum</strong></span> <span class='ocrx_word' id='word_1_151' title='bbox 574 1588 823 1645; x_wconf 90' lang='lat' dir='ltr'><strong>incisum,</strong></span> <span class='ocrx_word' id='word_1_152' title='bbox 863 1586 961 1638; x_wconf 90' lang='lat' dir='ltr'><strong>sed</strong></span> <span class='ocrx_word' id='word_1_153' title='bbox 999 1587 1280 1638; x_wconf 90' lang='lat' dir='ltr'><strong>cerebrum</strong></span> <span class='ocrx_word' id='word_1_154' title='bbox 1317 1592 1546 1638; x_wconf 90' lang='lat' dir='ltr'><strong>tantum.</strong></span> <span class='ocrx_word' id='word_1_155' title='bbox 1595 1587 1795 1638; x_wconf 91' lang='lat' dir='ltr'><strong>Melius</strong></span> <span class='ocrx_word' id='word_1_156' title='bbox 1831 1594 1915 1639; x_wconf 82' lang='lat' dir='ltr'><strong>est</strong></span> 
     </span>
     <span class='ocr_line' id='line_1_21' title="bbox 233 1660 1982 1725; baseline 0 -15"><span class='ocrx_word' id='word_1_157' title='bbox 233 1662 419 1724; x_wconf 92' lang='lat' dir='ltr'><strong>itaque</strong></span> <span class='ocrx_word' id='word_1_158' title='bbox 448 1660 644 1719; x_wconf 88' lang='lat' dir='ltr'><strong>dicere,</strong></span> <span class='ocrx_word' id='word_1_159' title='bbox 679 1661 830 1724; x_wconf 92' lang='lat' dir='ltr'><strong>quo-d</strong></span> <span class='ocrx_word' id='word_1_160' title='bbox 860 1675 1064 1712; x_wconf 91' lang='lat' dir='ltr'><strong>nervus</strong></span> <span class='ocrx_word' id='word_1_161' title='bbox 1099 1661 1379 1712; x_wconf 91' lang='lat' dir='ltr'><strong>cerebrum</strong></span> <span class='ocrx_word' id='word_1_162' title='bbox 1415 1662 1497 1712; x_wconf 92' lang='lat' dir='ltr'><strong>sit.</strong></span> <span class='ocrx_word' id='word_1_163' title='bbox 1541 1660 1752 1712; x_wconf 91' lang='lat' dir='ltr'><strong>Etenim</strong></span> <span class='ocrx_word' id='word_1_164' title='bbox 1783 1676 1912 1725; x_wconf 90' lang='lat' dir='ltr'><strong>pars</strong></span> <span class='ocrx_word' id='word_1_165' title='bbox 1938 1675 1982 1710; x_wconf 84' lang='lat'><strong>20</strong></span> 
     </span>
     <span class='ocr_line' id='line_1_22' title="bbox 234 1735 1912 1798; baseline 0.001 -13"><span class='ocrx_word' id='word_1_166' title='bbox 234 1735 507 1798; x_wconf 89' lang='lat' dir='ltr'><strong>quaedam</strong></span> <span class='ocrx_word' id='word_1_167' title='bbox 523 1741 609 1786; x_wconf 90' lang='lat' dir='ltr'><strong>est</strong></span> <span class='ocrx_word' id='word_1_168' title='bbox 633 1735 838 1786; x_wconf 89' lang='lat' dir='ltr'><strong>cerebri</strong></span> <span class='ocrx_word' id='word_1_169' title='bbox 861 1749 957 1798; x_wconf 89' lang='lat' dir='ltr'><strong>per</strong></span> <span class='ocrx_word' id='word_1_170' title='bbox 981 1741 1158 1786; x_wconf 89' lang='lat' dir='ltr'><strong>totum</strong></span> <span class='ocrx_word' id='word_1_171' title='bbox 1182 1735 1364 1797; x_wconf 91' lang='lat' dir='ltr'><strong>ipsum</strong></span> <span class='ocrx_word' id='word_1_172' title='bbox 1387 1735 1681 1786; x_wconf 91' lang='lat' dir='ltr'><strong>animalem</strong></span> <span class='ocrx_word' id='word_1_173' title='bbox 1699 1735 1912 1787; x_wconf 91' lang='lat' dir='ltr'><strong>habens</strong></span> 
     </span>
     <span class='ocr_line' id='line_1_23' title="bbox 233 1809 1911 1873; baseline 0 -13"><span class='ocrx_word' id='word_1_174' title='bbox 233 1810 502 1873; x_wconf 88' lang='lat' dir='ltr'><strong>spiritum,</strong></span> <span class='ocrx_word' id='word_1_175' title='bbox 527 1816 589 1861; x_wconf 89' lang='lat' dir='ltr'><strong>ut</strong></span> <span class='ocrx_word' id='word_1_176' title='bbox 617 1810 851 1872; x_wconf 85' lang='lat' dir='ltr'><strong>ignitum</strong></span> <span class='ocrx_word' id='word_1_177' title='bbox 881 1809 1087 1860; x_wconf 82' lang='lat' dir='ltr'><strong>ferrum</strong></span> <span class='ocrx_word' id='word_1_178' title='bbox 1116 1809 1283 1860; x_wconf 92' lang='lat' dir='ltr'><strong>habet</strong></span> <span class='ocrx_word' id='word_1_179' title='bbox 1312 1811 1511 1872; x_wconf 87' lang='lat' dir='ltr'><strong>ignem.</strong></span> <span class='ocrx_word' id='word_1_180' title='bbox 1552 1809 1792 1873; x_wconf 88' lang='lat' dir='ltr'><strong>Ideoque</strong></span> <span class='ocrx_word' id='word_1_181' title='bbox 1811 1809 1911 1871; x_wconf 24' lang='lat' dir='ltr'><strong>‘ubi</strong></span> 
     </span>
     <span class='ocr_line' id='line_1_24' title="bbox 232 1883 1911 1946; baseline -0.002 -8"><span class='ocrx_word' id='word_1_182' title='bbox 232 1902 431 1938; x_wconf 89' lang='lat' dir='ltr'><strong>nervus</strong></span> <span class='ocrx_word' id='word_1_183' title='bbox 460 1887 732 1938; x_wconf 89' lang='lat' dir='ltr'><strong>sensibilis</strong></span> <span class='ocrx_word' id='word_1_184' title='bbox 762 1889 979 1938; x_wconf 86' lang='lat' dir='ltr'><strong>innatus</strong></span> <span class='ocrx_word' id='word_1_185' title='bbox 1009 1883 1189 1942; x_wconf 80' lang='lat' dir='ltr'><strong>fuerit,</strong></span> <span class='ocrx_word' id='word_1_186' title='bbox 1216 1883 1312 1934; x_wconf 93' lang='lat' dir='ltr'><strong>illa</strong></span> <span class='ocrx_word' id='word_1_187' title='bbox 1339 1888 1467 1946; x_wconf 84' lang='lat' dir='ltr'><strong>pars</strong></span> <span class='ocrx_word' id='word_1_188' title='bbox 1494 1883 1911 1935; x_wconf 90' lang='lat' dir='ltr'><strong>sensibilitatem</strong></span> 
     </span>
    </p>

    <p class='ocr_par' dir='ltr' id='par_1_7' title="bbox 148 1957 1909 2021">
     <span class='ocr_line' id='line_1_25' title="bbox 148 1957 1909 2021; baseline 0 -13"><span class='ocrx_word' id='word_1_189' title='bbox 148 1969 200 2008; x_wconf 86' lang='lat'><strong>10</strong></span> <span class='ocrx_word' id='word_1_190' title='bbox 233 1959 496 2021; x_wconf 91' lang='lat' dir='ltr'><strong>percipiet</strong></span> <span class='ocrx_word' id='word_1_191' title='bbox 520 1958 591 2008; x_wconf 92' lang='lat' dir='ltr'><strong>ab</strong></span> <span class='ocrx_word' id='word_1_192' title='bbox 622 1959 746 2020; x_wconf 91' lang='lat' dir='ltr'><strong>ipso</strong></span> <span class='ocrx_word' id='word_1_193' title='bbox 779 1957 1164 2021; x_wconf 91' lang='lat' dir='ltr'><strong>sensibilisque</strong></span> <span class='ocrx_word' id='word_1_194' title='bbox 1197 1957 1309 2009; x_wconf 80' lang='lat' dir='ltr'><strong>fiet.</strong></span> <span class='ocrx_word' id='word_1_195' title='bbox 1353 1957 1612 2009; x_wconf 91' lang='lat' dir='ltr'><strong>Similiter</strong></span> <span class='ocrx_word' id='word_1_196' title='bbox 1639 1971 1772 2008; x_wconf 91' lang='lat' dir='ltr'><strong>vero</strong></span> <span class='ocrx_word' id='word_1_197' title='bbox 1798 1971 1909 2008; x_wconf 91' lang='lat' dir='ltr'><strong>non</strong></span> 
     </span>
    </p>
   </div>
   <div class='ocr_carea' id='block_1_3' title="bbox 228 2103 1965 2978">
    <p class='ocr_par' dir='ltr' id='par_1_8' title="bbox 230 2103 1965 2517">
     <span class='ocr_line' id='line_1_26' title="bbox 307 2103 1912 2159; baseline -0.001 -10"><span class='ocrx_word' id='word_1_198' title='bbox 307 2109 333 2149; x_wconf 88' lang='lat'>2</span> <span class='ocrx_word' id='word_1_199' title='bbox 367 2103 435 2150; x_wconf 82' lang='lat' dir='ltr'><strong>et2</strong></span> <span class='ocrx_word' id='word_1_200' title='bbox 466 2120 555 2150; x_wconf 88' lang='lat' dir='ltr'><strong>om.</strong></span> <span class='ocrx_word' id='word_1_201' title='bbox 587 2109 622 2150; x_wconf 90' lang='lat' dir='ltr'><strong><em>A</em></strong></span> <span class='ocrx_word' id='word_1_202' title='bbox 805 2109 832 2148; x_wconf 85' lang='lat'>4</span> <span class='ocrx_word' id='word_1_203' title='bbox 866 2106 1074 2159; x_wconf 89' lang='lat' dir='ltr'><strong>contigit]</strong></span> <span class='ocrx_word' id='word_1_204' title='bbox 1110 2120 1214 2149; x_wconf 91' lang='lat' dir='ltr'><strong>eum</strong></span> <span class='ocrx_word' id='word_1_205' title='bbox 1248 2110 1382 2158; x_wconf 86' lang='lat' dir='ltr'><strong>tingit</strong></span> <span class='ocrx_word' id='word_1_206' title='bbox 1412 2109 1447 2149; x_wconf 87' lang='lat' dir='ltr'><em>A</em></span> <span class='ocrx_word' id='word_1_207' title='bbox 1573 2108 1576 2111; x_wconf 81' lang='grc'><strong><em>’</em></strong></span> <span class='ocrx_word' id='word_1_208' title='bbox 1629 2108 1655 2148; x_wconf 88' lang='grc'><strong>6</strong></span> <span class='ocrx_word' id='word_1_209' title='bbox 1687 2119 1824 2148; x_wconf 85' lang='lat' dir='ltr'><strong>unam</strong></span> <span class='ocrx_word' id='word_1_210' title='bbox 1858 2128 1912 2134; x_wconf 90' lang='lat'><strong>—</strong></span> 
     </span>
     <span class='ocr_line' id='line_1_27' title="bbox 230 2161 1965 2219; baseline -0.001 -10"><span class='ocrx_word' id='word_1_211' title='bbox 230 2169 558 2210; x_wconf 87' lang='lat' dir='ltr'><strong>sensibilitates</strong></span> <span class='ocrx_word' id='word_1_212' title='bbox 591 2165 673 2219; x_wconf 85' lang='lat'>(12)</span> <span class='ocrx_word' id='word_1_213' title='bbox 707 2180 795 2209; x_wconf 87' lang='lat' dir='ltr'><strong>om.</strong></span> <span class='ocrx_word' id='word_1_214' title='bbox 827 2162 888 2209; x_wconf 91' lang='lat' dir='ltr'><strong>A¹</strong></span> <span class='ocrx_word' id='word_1_215' title='bbox 918 2169 966 2208; x_wconf 84' lang='lat' dir='ltr'><strong>in</strong></span> <span class='ocrx_word' id='word_1_216' title='bbox 999 2179 1147 2218; x_wconf 70' lang='grc' dir='ltr'><em>Μαι-9.</em></span> <span class='ocrx_word' id='word_1_217' title='bbox 1181 2169 1422 2219; x_wconf 81' lang='lat' dir='ltr'><strong>superiore</strong></span> <span class='ocrx_word' id='word_1_218' title='bbox 1453 2179 1589 2219; x_wconf 81' lang='lat' dir='ltr'><strong>supp.</strong></span> <span class='ocrx_word' id='word_1_219' title='bbox 1621 2161 1682 2208; x_wconf 54' lang='grc' dir='ltr'><strong>ΑΞ</strong></span> <span class='ocrx_word' id='word_1_220' title='bbox 1813 2169 1911 2217; x_wconf 88' lang='lat' dir='ltr'><strong>qui·</strong></span> <span class='ocrx_word' id='word_1_221' title='bbox 1963 2213 1965 2215; x_wconf 57' lang='grc'><strong>,</strong></span> 
     </span>
     <span class='ocr_line' id='line_1_28' title="bbox 231 2220 1915 2278; baseline -0.001 -10"><span class='ocrx_word' id='word_1_222' title='bbox 231 2224 353 2278; x_wconf 91' lang='lat' dir='ltr'><strong>dem]</strong></span> <span class='ocrx_word' id='word_1_223' title='bbox 388 2228 515 2278; x_wconf 91' lang='lat' dir='ltr'><strong>quod</strong></span> <span class='ocrx_word' id='word_1_224' title='bbox 545 2220 605 2268; x_wconf 70' lang='lat' dir='ltr'><strong>A*</strong></span> <span class='ocrx_word' id='word_1_225' title='bbox 703 2227 792 2267; x_wconf 86' lang='lat' dir='ltr'><strong>alia</strong></span> <span class='ocrx_word' id='word_1_226' title='bbox 823 2220 997 2268; x_wconf 84' lang='lat' dir='ltr'><em>P¹A²B</em></span> <span class='ocrx_word' id='word_1_227' title='bbox 1028 2239 1147 2268; x_wconf 84' lang='lat' dir='ltr'><strong>corr.</strong></span> <span class='ocrx_word' id='word_1_228' title='bbox 1179 2221 1239 2268; x_wconf 76' lang='grc' dir='ltr'><strong>Ρ8</strong></span> <span class='ocrx_word' id='word_1_229' title='bbox 1270 2227 1455 2268; x_wconf 87' lang='lat' dir='ltr'><strong>alteram</strong></span> <span class='ocrx_word' id='word_1_230' title='bbox 1485 2226 1559 2267; x_wconf 90' lang='lat' dir='ltr'><strong>Ho</strong></span> <span class='ocrx_word' id='word_1_231' title='bbox 1740 2226 1764 2266; x_wconf 89' lang='grc'><strong>7</strong></span> <span class='ocrx_word' id='word_1_232' title='bbox 1797 2229 1846 2266; x_wconf 88' lang='lat' dir='ltr'><strong>ut</strong></span> <span class='ocrx_word' id='word_1_233' title='bbox 1876 2226 1915 2266; x_wconf 88' lang='lat' dir='ltr'>P</span> 
     </span>
     <span class='ocr_line' id='line_1_29' title="bbox 230 2279 1909 2334; baseline -0.002 -6"><span class='ocrx_word' id='word_1_234' title='bbox 230 2291 276 2328; x_wconf 89' lang='lat' dir='ltr'><strong>et</strong></span> <span class='ocrx_word' id='word_1_235' title='bbox 306 2281 413 2328; x_wconf 80' lang='lat' dir='ltr'><strong>A²B</strong></span> <span class='ocrx_word' id='word_1_236' title='bbox 473 2287 688 2327; x_wconf 84' lang='lat' dir='ltr'><strong>discernit</strong></span> <span class='ocrx_word' id='word_1_237' title='bbox 718 2286 756 2327; x_wconf 91' lang='lat' dir='ltr'><strong><em>B</em></strong></span> <span class='ocrx_word' id='word_1_238' title='bbox 788 2286 991 2327; x_wconf 90' lang='lat' dir='ltr'><strong>decernit</strong></span> <span class='ocrx_word' id='word_1_239' title='bbox 1022 2280 1128 2327; x_wconf 75' lang='grc' dir='ltr'><strong>ΡΑ2</strong></span> <span class='ocrx_word' id='word_1_240' title='bbox 1270 2286 1296 2326; x_wconf 92' lang='lat'>8</span> <span class='ocrx_word' id='word_1_241' title='bbox 1329 2287 1418 2327; x_wconf 90' lang='lat' dir='ltr'><strong>hoc</strong></span> <span class='ocrx_word' id='word_1_242' title='bbox 1448 2279 1554 2327; x_wconf 80' lang='lat' dir='ltr'><strong>A²B</strong></span> <span class='ocrx_word' id='word_1_243' title='bbox 1697 2285 1723 2325; x_wconf 89' lang='grc'><strong>9</strong></span> <span class='ocrx_word' id='word_1_244' title='bbox 1755 2282 1909 2334; x_wconf 85' lang='lat' dir='ltr'><strong>etiam]</strong></span> 
     </span>
     <span class='ocr_line' id='line_1_30' title="bbox 231 2340 1910 2395; baseline -0.001 -9"><span class='ocrx_word' id='word_1_245' title='bbox 231 2350 382 2388; x_wconf 86' lang='lat' dir='ltr'><strong>autern</strong></span> <span class='ocrx_word' id='word_1_246' title='bbox 414 2340 475 2387; x_wconf 73' lang='grc' dir='ltr'><strong>Α2</strong></span> <span class='ocrx_word' id='word_1_247' title='bbox 596 2345 646 2386; x_wconf 95' lang='grc'><strong>11</strong></span> <span class='ocrx_word' id='word_1_248' title='bbox 682 2347 970 2386; x_wconf 88' lang='lat' dir='ltr'><strong>interioribus</strong></span> <span class='ocrx_word' id='word_1_249' title='bbox 1001 2347 1234 2386; x_wconf 90' lang='lat' dir='ltr'><strong>ventribus</strong></span> <span class='ocrx_word' id='word_1_250' title='bbox 1267 2342 1372 2395; x_wconf 93' lang='lat' dir='ltr'><strong>(bus</strong></span> <span class='ocrx_word' id='word_1_251' title='bbox 1403 2346 1451 2385; x_wconf 84' lang='lat' dir='ltr'><strong>in</strong></span> <span class='ocrx_word' id='word_1_252' title='bbox 1484 2356 1579 2386; x_wconf 83' lang='lat' dir='ltr'><strong>ras.</strong></span> <span class='ocrx_word' id='word_1_253' title='bbox 1611 2356 1669 2385; x_wconf 89' lang='lat' dir='ltr'><strong>m.</strong></span> <span class='ocrx_word' id='word_1_254' title='bbox 1696 2341 1741 2395; x_wconf 86' lang='lat'><strong>2)</strong></span> <span class='ocrx_word' id='word_1_255' title='bbox 1773 2343 1814 2385; x_wconf 81' lang='lat' dir='ltr'><em>P</em></span> <span class='ocrx_word' id='word_1_256' title='bbox 1842 2345 1910 2384; x_wconf 85' lang='lat' dir='ltr'><strong>in-</strong></span> 
     </span>
     <span class='ocr_line' id='line_1_31' title="bbox 230 2398 1910 2453; baseline -0.002 -6"><span class='ocrx_word' id='word_1_257' title='bbox 230 2407 469 2447; x_wconf 79' lang='lat' dir='ltr'><strong>terioribus</strong></span> <span class='ocrx_word' id='word_1_258' title='bbox 499 2406 713 2447; x_wconf 88' lang='lat' dir='ltr'><strong>ventibus</strong></span> <span class='ocrx_word' id='word_1_259' title='bbox 744 2398 806 2446; x_wconf 78' lang='grc' dir='ltr'><strong>Α2</strong></span> <span class='ocrx_word' id='word_1_260' title='bbox 986 2405 1039 2445; x_wconf 91' lang='grc'><strong>12</strong></span> <span class='ocrx_word' id='word_1_261' title='bbox 1077 2405 1365 2445; x_wconf 79' lang='lat' dir='ltr'><strong>manifestum</strong></span> <span class='ocrx_word' id='word_1_262' title='bbox 1397 2407 1548 2444; x_wconf 87' lang='lat' dir='ltr'><strong>autem</strong></span> <span class='ocrx_word' id='word_1_263' title='bbox 1581 2403 1708 2453; x_wconf 88' lang='lat' dir='ltr'><strong>quod</strong></span> <span class='ocrx_word' id='word_1_264' title='bbox 1737 2403 1794 2450; x_wconf 89' lang='lat' dir='ltr'><strong>A,</strong></span> <span class='ocrx_word' id='word_1_265' title='bbox 1834 2414 1910 2444; x_wconf 83' lang='lat' dir='ltr'><strong>ex·</strong></span> 
     </span>
     <span class='ocr_line' id='line_1_32' title="bbox 230 2459 1909 2517; baseline -0.002 -11"><span class='ocrx_word' id='word_1_266' title='bbox 230 2468 372 2517; x_wconf 78' lang='lat' dir='ltr'><strong>spect.</strong></span> <span class='ocrx_word' id='word_1_267' title='bbox 398 2469 475 2506; x_wconf 85' lang='lat' dir='ltr'><strong>aut</strong></span> <span class='ocrx_word' id='word_1_268' title='bbox 503 2464 793 2505; x_wconf 77' lang='lat' dir='ltr'><strong>manifestum</strong></span> <span class='ocrx_word' id='word_1_269' title='bbox 820 2465 945 2514; x_wconf 92' lang='lat' dir='ltr'><strong>quod</strong></span> <span class='ocrx_word' id='word_1_270' title='bbox 971 2461 1018 2514; x_wconf 88' lang='grc' dir='ltr'><strong>(ἢ</strong></span> <span class='ocrx_word' id='word_1_271' title='bbox 1053 2461 1196 2514; x_wconf 81' lang='grc' dir='ltr'>δῆλον</span> <span class='ocrx_word' id='word_1_272' title='bbox 1229 2461 1299 2503; x_wconf 88' lang='grc' dir='ltr'><strong>ὅτι</strong></span> <span class='ocrx_word' id='word_1_273' title='bbox 1322 2460 1572 2509; x_wconf 84' lang='grc' dir='ltr'>ΠΒΑΡΙ),</span> <span class='ocrx_word' id='word_1_274' title='bbox 1604 2463 1660 2513; x_wconf 83' lang='lat' dir='ltr'><strong>cf.</strong></span> <span class='ocrx_word' id='word_1_275' title='bbox 1684 2462 1753 2512; x_wconf 74' lang='lat' dir='ltr'><strong>By</strong></span> <span class='ocrx_word' id='word_1_276' title='bbox 1774 2474 1822 2513; x_wconf 85' lang='lat' dir='ltr'><strong>p.</strong></span> <span class='ocrx_word' id='word_1_277' title='bbox 1840 2459 1909 2512; x_wconf 87' lang='grc'><strong>68)</strong></span> 
     </span>
    </p>

    <p class='ocr_par' dir='ltr' id='par_1_9' title="bbox 228 2518 1910 2978">
     <span class='ocr_line' id='line_1_33' title="bbox 306 2518 1838 2572; baseline -0.002 -7"><span class='ocrx_word' id='word_1_278' title='bbox 306 2524 479 2565; x_wconf 87' lang='lat'><strong>12—13</strong></span> <span class='ocrx_word' id='word_1_279' title='bbox 510 2525 763 2564; x_wconf 87' lang='lat' dir='ltr'><strong>transmissi</strong></span> <span class='ocrx_word' id='word_1_280' title='bbox 795 2527 900 2564; x_wconf 93' lang='lat' dir='ltr'><strong>sunt</strong></span> <span class='ocrx_word' id='word_1_281' title='bbox 930 2523 965 2564; x_wconf 93' lang='lat' dir='ltr'><em>A</em></span> <span class='ocrx_word' id='word_1_282' title='bbox 1121 2523 1174 2564; x_wconf 90' lang='grc'><strong>13</strong></span> <span class='ocrx_word' id='word_1_283' title='bbox 1207 2532 1372 2564; x_wconf 79' lang='lat' dir='ltr'><strong>omne*</strong></span> <span class='ocrx_word' id='word_1_284' title='bbox 1405 2518 1468 2571; x_wconf 92' lang='lat' dir='ltr'><strong>(m</strong></span> <span class='ocrx_word' id='word_1_285' title='bbox 1501 2532 1622 2563; x_wconf 84' lang='lat' dir='ltr'><strong>eras.</strong></span> <span class='ocrx_word' id='word_1_286' title='bbox 1655 2519 1767 2572; x_wconf 84' lang='lat' dir='ltr'><strong>vid.)</strong></span> <span class='ocrx_word' id='word_1_287' title='bbox 1799 2521 1838 2562; x_wconf 89' lang='lat' dir='ltr'><em>P</em></span> 
     </span>
     <span class='ocr_line' id='line_1_34' title="bbox 233 2575 1910 2634; baseline -0.002 -11"><span class='ocrx_word' id='word_1_288' title='bbox 233 2584 285 2623; x_wconf 89' lang='lat'><strong>14</strong></span> <span class='ocrx_word' id='word_1_289' title='bbox 317 2587 464 2625; x_wconf 88' lang='lat' dir='ltr'><strong>tactus</strong></span> <span class='ocrx_word' id='word_1_290' title='bbox 504 2583 783 2624; x_wconf 87' lang='lat' dir='ltr'><strong>sensibilitas</strong></span> <span class='ocrx_word' id='word_1_291' title='bbox 823 2594 909 2632; x_wconf 70' lang='lat' dir='ltr'><strong>eqo</strong></span> <span class='ocrx_word' id='word_1_292' title='bbox 941 2586 1063 2623; x_wconf 83' lang='lat' dir='ltr'><strong>tactu</strong></span> <span class='ocrx_word' id='word_1_293' title='bbox 1095 2575 1415 2634; x_wconf 74' lang='lat' dir='ltr'><strong>sensibilitasss</strong></span> <span class='ocrx_word' id='word_1_294' title='bbox 1445 2578 1486 2629; x_wconf 92' lang='lat' dir='ltr'><strong>(s</strong></span> <span class='ocrx_word' id='word_1_295' title='bbox 1517 2581 1600 2630; x_wconf 81' lang='lat' dir='ltr'><strong>fin.</strong></span> <span class='ocrx_word' id='word_1_296' title='bbox 1634 2582 1682 2621; x_wconf 88' lang='lat' dir='ltr'><strong>in</strong></span> <span class='ocrx_word' id='word_1_297' title='bbox 1715 2577 1831 2631; x_wconf 76' lang='lat' dir='ltr'><strong>ras.)</strong></span> <span class='ocrx_word' id='word_1_298' title='bbox 1863 2582 1910 2620; x_wconf 79' lang='lat' dir='ltr'><strong>et</strong></span> 
     </span>
     <span class='ocr_line' id='line_1_35' title="bbox 228 2634 1907 2694; baseline -0.002 -12"><span class='ocrx_word' id='word_1_299' title='bbox 228 2655 458 2694; x_wconf 84' lang='lat' dir='ltr'><strong>superscr.</strong></span> <span class='ocrx_word' id='word_1_300' title='bbox 491 2643 665 2683; x_wconf 89' lang='lat' dir='ltr'><strong>scilicet</strong></span> <span class='ocrx_word' id='word_1_301' title='bbox 696 2643 868 2683; x_wconf 89' lang='lat' dir='ltr'><strong>cerebri</strong></span> <span class='ocrx_word' id='word_1_302' title='bbox 900 2635 960 2682; x_wconf 70' lang='grc' dir='ltr'><strong>Ρ3</strong></span> <span class='ocrx_word' id='word_1_303' title='bbox 1001 2645 1122 2683; x_wconf 88' lang='lat' dir='ltr'><strong>tactu</strong></span> <span class='ocrx_word' id='word_1_304' title='bbox 1162 2641 1475 2682; x_wconf 86' lang='lat' dir='ltr'><strong>sensibilitatis</strong></span> <span class='ocrx_word' id='word_1_305' title='bbox 1506 2634 1566 2680; x_wconf 78' lang='grc' dir='ltr'><strong>Ρ1</strong></span> <span class='ocrx_word' id='word_1_306' title='bbox 1607 2643 1730 2680; x_wconf 86' lang='lat' dir='ltr'><strong>tactu</strong></span> <span class='ocrx_word' id='word_1_307' title='bbox 1761 2640 1907 2680; x_wconf 84' lang='lat' dir='ltr'><strong>sensi-</strong></span> 
     </span>
     <span class='ocr_line' id='line_1_36' title="bbox 229 2699 1907 2749; baseline -0.002 -8"><span class='ocrx_word' id='word_1_308' title='bbox 229 2702 380 2742; x_wconf 89' lang='lat' dir='ltr'><strong>bilitas</strong></span> <span class='ocrx_word' id='word_1_309' title='bbox 412 2702 584 2743; x_wconf 89' lang='lat' dir='ltr'><strong>cerebri</strong></span> <span class='ocrx_word' id='word_1_310' title='bbox 615 2701 650 2742; x_wconf 83' lang='lat' dir='ltr'><em>A</em></span> <span class='ocrx_word' id='word_1_311' title='bbox 683 2704 803 2742; x_wconf 88' lang='lat' dir='ltr'><strong>tacta</strong></span> <span class='ocrx_word' id='word_1_312' title='bbox 834 2701 1114 2742; x_wconf 89' lang='lat' dir='ltr'><strong>sensibilitas</strong></span> <span class='ocrx_word' id='word_1_313' title='bbox 1145 2701 1316 2742; x_wconf 87' lang='lat' dir='ltr'><strong>cerebri</strong></span> <span class='ocrx_word' id='word_1_314' title='bbox 1346 2699 1384 2740; x_wconf 88' lang='lat' dir='ltr'><em>B</em></span> <span class='ocrx_word' id='word_1_315' title='bbox 1555 2700 1792 2749; x_wconf 82' lang='lat' dir='ltr'><strong>contingat</strong></span> <span class='ocrx_word' id='word_1_316' title='bbox 1821 2709 1907 2747; x_wconf 72' lang='lat' dir='ltr'><strong>eqo</strong></span> 
     </span>
     <span class='ocr_line' id='line_1_37' title="bbox 229 2751 1905 2811; baseline -0.002 -11"><span class='ocrx_word' id='word_1_317' title='bbox 229 2762 465 2811; x_wconf 86' lang='lat' dir='ltr'><strong>continget</strong></span> <span class='ocrx_word' id='word_1_318' title='bbox 488 2760 568 2801; x_wconf 87' lang='grc' dir='ltr'><strong>ΡΑ</strong></span> <span class='ocrx_word' id='word_1_319' title='bbox 602 2761 827 2810; x_wconf 83' lang='lat' dir='ltr'><strong>contingit</strong></span> <span class='ocrx_word' id='word_1_320' title='bbox 849 2761 887 2801; x_wconf 90' lang='grc' dir='ltr'><em>Β</em></span> <span class='ocrx_word' id='word_1_321' title='bbox 1021 2760 1074 2800; x_wconf 90' lang='grc'><strong>15</strong></span> <span class='ocrx_word' id='word_1_322' title='bbox 1107 2760 1273 2810; x_wconf 89' lang='lat' dir='ltr'><strong>placati</strong></span> <span class='ocrx_word' id='word_1_323' title='bbox 1296 2754 1355 2799; x_wconf 84' lang='grc' dir='ltr'><strong>Ρι</strong></span> <span class='ocrx_word' id='word_1_324' title='bbox 1387 2769 1505 2799; x_wconf 76' lang='lat' dir='ltr'><strong>corr,</strong></span> <span class='ocrx_word' id='word_1_325' title='bbox 1531 2751 1590 2798; x_wconf 72' lang='grc' dir='ltr'><strong>Ρ8</strong></span> <span class='ocrx_word' id='word_1_326' title='bbox 1665 2757 1905 2798; x_wconf 70' lang='grc' dir='ltr'>εοιιῐεεῐίηι</span> 
     </span>
     <span class='ocr_line' id='line_1_38' title="bbox 228 2815 1907 2866; baseline -0.003 -6"><span class='ocrx_word' id='word_1_327' title='bbox 228 2830 316 2860; x_wconf 90' lang='lat' dir='ltr'><strong>om.</strong></span> <span class='ocrx_word' id='word_1_328' title='bbox 341 2820 378 2860; x_wconf 90' lang='lat' dir='ltr'><em>B</em></span> <span class='ocrx_word' id='word_1_329' title='bbox 512 2819 684 2859; x_wconf 84' lang='lat'>17-18</span> <span class='ocrx_word' id='word_1_330' title='bbox 715 2821 872 2860; x_wconf 88' lang='lat' dir='ltr'><strong>sentiri</strong></span> <span class='ocrx_word' id='word_1_331' title='bbox 897 2820 935 2860; x_wconf 87' lang='lat' dir='ltr'><em>P</em></span> <span class='ocrx_word' id='word_1_332' title='bbox 1063 2818 1235 2859; x_wconf 88' lang='lat'>19-20</span> <span class='ocrx_word' id='word_1_333' title='bbox 1267 2821 1336 2858; x_wconf 87' lang='lat' dir='ltr'><strong>est</strong></span> <span class='ocrx_word' id='word_1_334' title='bbox 1367 2819 1522 2866; x_wconf 86' lang='lat' dir='ltr'><strong>itaque</strong></span> <span class='ocrx_word' id='word_1_335' title='bbox 1545 2817 1585 2858; x_wconf 85' lang='lat' dir='ltr'><em>P</em></span> <span class='ocrx_word' id='word_1_336' title='bbox 1614 2820 1683 2858; x_wconf 93' lang='lat' dir='ltr'><strong>est</strong></span> <span class='ocrx_word' id='word_1_337' title='bbox 1714 2817 1848 2866; x_wconf 81' lang='lat' dir='ltr'><strong>igitur</strong></span> <span class='ocrx_word' id='word_1_338' title='bbox 1869 2815 1907 2856; x_wconf 88' lang='grc' dir='ltr'><em>Β</em></span> 
     </span>
     <span class='ocr_line' id='line_1_39' title="bbox 228 2872 1829 2928; baseline -0.002 -10"><span class='ocrx_word' id='word_1_339' title='bbox 228 2880 287 2928; x_wconf 85' lang='lat' dir='ltr'><strong>ig.</strong></span> <span class='ocrx_word' id='word_1_340' title='bbox 320 2882 390 2920; x_wconf 89' lang='lat' dir='ltr'><strong>est</strong></span> <span class='ocrx_word' id='word_1_341' title='bbox 420 2875 486 2928; x_wconf 81' lang='lat' dir='ltr'><strong>(h.</strong></span> <span class='ocrx_word' id='word_1_342' title='bbox 511 2875 575 2928; x_wconf 90' lang='grc' dir='ltr'><strong>ο.)</strong></span> <span class='ocrx_word' id='word_1_343' title='bbox 606 2877 641 2918; x_wconf 90' lang='grc' dir='ltr'><em>Α</em></span> <span class='ocrx_word' id='word_1_344' title='bbox 786 2878 956 2919; x_wconf 74' lang='lat'><strong>20-21</strong></span> <span class='ocrx_word' id='word_1_345' title='bbox 993 2889 1080 2919; x_wconf 89' lang='lat' dir='ltr'><strong>cer.</strong></span> <span class='ocrx_word' id='word_1_346' title='bbox 1114 2878 1339 2928; x_wconf 88' lang='lat' dir='ltr'><strong>quaedam</strong></span> <span class='ocrx_word' id='word_1_347' title='bbox 1373 2886 1477 2925; x_wconf 88' lang='lat' dir='ltr'><strong>pars</strong></span> <span class='ocrx_word' id='word_1_348' title='bbox 1508 2880 1578 2916; x_wconf 88' lang='lat' dir='ltr'><strong>est</strong></span> <span class='ocrx_word' id='word_1_349' title='bbox 1609 2872 1674 2925; x_wconf 83' lang='lat' dir='ltr'><strong>(h.</strong></span> <span class='ocrx_word' id='word_1_350' title='bbox 1699 2872 1763 2925; x_wconf 91' lang='grc' dir='ltr'><strong>ο.)</strong></span> <span class='ocrx_word' id='word_1_351' title='bbox 1795 2874 1829 2915; x_wconf 87' lang='grc' dir='ltr'><em>Α</em></span> 
     </span>
     <span class='ocr_line' id='line_1_40' title="bbox 228 2931 1092 2978; baseline 0.001 -1"><span class='ocrx_word' id='word_1_352' title='bbox 228 2937 282 2977; x_wconf 88' lang='grc'><strong>23</strong></span> <span class='ocrx_word' id='word_1_353' title='bbox 315 2939 519 2977; x_wconf 88' lang='lat' dir='ltr'><strong>innatum</strong></span> <span class='ocrx_word' id='word_1_354' title='bbox 553 2931 611 2978; x_wconf 88' lang='grc' dir='ltr'><strong>Ρ1</strong></span> <span class='ocrx_word' id='word_1_355' title='bbox 643 2948 760 2978; x_wconf 82' lang='lat' dir='ltr'><strong>corr.</strong></span> <span class='ocrx_word' id='word_1_356' title='bbox 795 2931 854 2978; x_wconf 79' lang='grc' dir='ltr'><strong>Ρ2</strong></span> <span class='ocrx_word' id='word_1_357' title='bbox 874 2959 884 2968; x_wconf 76' lang='lat'><em>-</em></span> <span class='ocrx_word' id='word_1_358' title='bbox 945 2938 1026 2977; x_wconf 79' lang='lat' dir='ltr'><strong>fuit</strong></span> <span class='ocrx_word' id='word_1_359' title='bbox 1058 2937 1092 2978; x_wconf 85' lang='lat' dir='ltr'><em>A</em></span> 
     </span>
    </p>
   </div>
  </div>
 </body>
</html>
