1982 3172
111 100 198 148 AB
230 97 495 146 ALFANO
530 97 595 143 IN
629 95 919 142 LATINUM
954 91 1394 140 TRANSLATUM
1430 89 1568 137 CAP.
1597 91 1613 136 1
1679 96 1744 148 19

54 246 141 291 tus
184 243 361 290 terrae
408 241 535 288 sunt
580 234 952 298 depascentia.
1009 231 1117 283 Sed
1163 238 1217 283 et
1263 232 1495 294 piscium
1538 236 1735 281 natura
1776 246 1828 286 ⁷4

7 327 16 335 ·
56 311 412 366 comestibilis
471 310 783 361 adinvicem
828 309 1072 359 existens
1117 320 1229 358 non
1276 319 1335 357 se
1380 306 1434 356 in
1479 304 1738 355 omnibus

55 385 315 444 extendit,
358 390 417 436 ut
463 397 656 435 omnes
701 395 892 433 carnes
938 379 1246 438 comedant,
1293 378 1390 430 sed
1437 377 1640 428 defecit
1683 378 1736 428 ἱη

56 459 471 513 comedentibus
501 458 707 523 phykia
734 463 788 508 et
817 456 926 507 alia
957 454 1230 519 quaedam
1261 455 1316 504 in
1341 467 1487 518 aqua
1515 466 1743 503 nascen-

10 547 32 581 5
55 537 144 588 tia.
187 534 243 586 Si
271 535 419 587 enirn
449 539 635 584 essent
665 533 852 583 omnia
880 544 1086 594 genera
1112 531 1347 593 piscium
1379 527 1742 592 sarcophaga,

53 623 403 675 nequaquam
439 608 528 661 vel
565 607 637 659 ad
674 605 971 659 modicum
993 605 1270 664 durarent,
1309 605 1406 656 sed
1444 603 1738 668 perderen-

54 692 155 744 tur,
186 685 322 736 haec
352 683 576 748 quidem
607 682 933 740 adinvicem,
965 681 1102 732 haec
1130 693 1264 732 vero
1296 693 1393 743 per
1418 679 1736 737 nutrimenti

55 760 433 823 indigentiam.
502 757 574 809 Ut
630 756 737 808 hoc
794 757 982 819 itaque
1024 768 1136 806 non
1181 753 1356 813 fieret,
1401 753 1627 817 quidam
1669 752 1749 804 de-

57 835 299 898 piscibus
343 833 474 885 facti
520 837 647 883 sunt
690 845 723 882 a
767 830 1041 882 carnibus·
1066 829 1410 881 abstinentes
1453 834 1520 887 et,
1560 834 1620 879 ut
1663 829 1738 879 ita

10 917 33 952 ⁰
57 909 250 967 dicam,
292 907 560 959 marinam
602 906 829 957 herbam
872 909 1178 969 pascentes,
1220 910 1280 955 ut
1321 917 1388 954 ex
1430 903 1515 953 his
1552 908 1605 954 et
1645 903 1737 952 alii

57 983 352 1035 salventur.
396 980 507 1033 Sed
537 981 737 1031 horum
768 984 1059 1031 voratores
1092 978 1225 1029 facti
1259 983 1387 1029 sunt
1417 978 1509 1040 qui
1542 990 1745 1028 vocan-

56 1061 141 1110 tur
175 1056 380 1123 phykia
415 1062 468 1108 et
501 1056 557 1106 hi
592 1054 816 1119 quidem
851 1054 1087 1105 aliorum
1121 1059 1175 1105 et
1203 1053 1258 1104 hi
1292 1052 1386 1103 alii
1415 1054 1612 1104 iterum
1644 1051 1742 1102 ali-

18 1137 516 1186 .orumvoratores
566 1131 879 1188 existenteS,
929 1128 1107 1179 donec
1154 1128 1447 1191 pervenias
1501 1126 1573 1177 ad
1622 1125 1746 1177 ulti-

56 1221 200 1258 mam
248 1213 481 1258 terream
528 1218 711 1257 escam
759 1205 813 1254 in
860 1204 998 1254 mari
1044 1203 1290 1255 habitam
1336 1202 1571 1253 aliorum
1616 1201 1743 1252 sub-

2 1291 34 1323 Δ5
58 1279 316 1333 stantiam
378 1280 701 1332 salvantem.
759 1279 1142 1330 Manifestavit
1187 1279 1355 1341 igitur
1400 1278 1542 1328 ratio
1588 1276 1743 1339 plan·
1782 1292 1835 1332 75

59 1362 236 1407 tarum
271 1368 447 1419 genus
480 1368 591 1405 non
626 1360 852 1416 propter
887 1366 945 1403 se
978 1354 1178 1415 ipsum,
1210 1352 1309 1403 sed
1343 1351 1415 1402 ad
1444 1351 1747 1403 nutrimen.-

59 1438 174 1481 tum
228 1435 282 1481 et
336 1434 833 1481 sustentamentum
893 1427 1180 1478 hominum
1236 1432 1290 1478 et
1343 1426 1578 1476 aliorum
1632 1426 1748 1477 ani-

60 1505 283 1556 malium
321 1504 544 1556 factum.
647 1502 703 1554 Si
740 1504 908 1566 igitur
943 1502 1079 1553 haec
1115 1508 1341 1566 propter
1376 1501 1657 1553 hominem
1692 1507 1745 1552 et
1783 1516 1838 1557 76

58 1579 318 1630 animalia
342 1584 484 1637 sunt,
508 1578 866 1630 manifestum
893 1577 1042 1641 quod
1066 1583 1122 1628 et
1146 1590 1347 1628 causae
1370 1577 1746 1640 generationis

0 1661 39 1710 ἐς)
59 1660 114 1706 et
140 1654 337 1705 horum
367 1653 687 1705 incrementi
716 1658 942 1717 propter
970 1652 1108 1703 haec
1137 1651 1317 1703 factae
1346 1651 1470 1703 sint.
1496 1650 1668 1715 Igitur
1695 1657 1747 1702 et
1786 1666 1838 1708 77

62 1734 335 1780 astrorum
377 1733 562 1779 motus
603 1733 658 1779 et
698 1727 911 1782 caelum
953 1732 1007 1778 et
1047 1732 1301 1790 tempora
1340 1732 1394 1778 et
1431 1725 1655 1789 pluviae
1692 1733 1748 1780 et

64 1803 249 1853 omnia
283 1803 415 1854 talia
452 1808 677 1867 propter
711 1801 851 1853 haec
885 1801 1032 1852 facta
1070 1808 1212 1860 sunt,
1247 1808 1307 1853 ut
1339 1801 1475 1852 cibis
1508 1800 1664 1852 velut
1693 1802 1747 1851 in

67 1876 268 1928 circulo
318 1890 535 1940 semper
582 1875 1009 1940 procedentibus
1057 1875 1385 1927 indeficiens
1434 1881 1755 1939 permaneat

66 1958 264 2004 natura
295 1950 588 2003 ferentium
621 1951 850 2010 fructuS,
884 1956 944 2002 ut
977 1952 1328 2002 inveniantur
1359 1951 1496 2001 haec
1529 1950 1750 2015 quidem

3 2034 43 2068 25
69 2032 293 2089 propter
322 2025 535 2077 fructus
565 2025 802 2084 condita,
832 2025 1045 2078 fructus
1074 2039 1207 2077 vero
1239 2030 1465 2089 propter
1493 2025 1755 2076 animalia

69 2107 122 2153 et
166 2101 461 2151 hominem.
566 2099 852 2163 Reliquum
898 2107 982 2152 est
1028 2101 1195 2164 igitur
1239 2101 1526 2164 inspicere,
1571 2106 1754 2151 utrum
1794 2115 1849 2156 ‘18

144 2221 169 2262 3
202 2231 364 2262 omnes
399 2231 559 2262 carnes
592 2223 775 2272 transp.
807 2221 841 2262 A
929 2223 1175 2263 comedant
1207 2222 1253 2262 M
1286 2222 1509 2263 devorent
1540 2221 1578 2262 Β
1649 2223 1764 2272 post

69 2282 153 2323 sed
185 2282 297 2323 add.
329 2283 375 2322 et
402 2279 439 2321 C
528 2281 697 2321 defecit
728 2274 850 2334 <in>
883 2282 1235 2333 comedentibus
1267 2293 1354 2333 eyo
1422 2281 1481 2322 de
1513 2281 1761 2321 comeden-

70 2341 191 2382 tibus
223 2340 331 2381 iec1t
362 2337 426 2390 (st
456 2338 513 2391 Β)
548 2338 588 2381 O
744 2341 769 2380 5
802 2343 958 2382 essent
989 2341 1035 2382 M
1067 2345 1196 2382 erant
1226 2341 1264 2382 B
1330 2343 1445 2393 post
1475 2341 1764 2390 sarcophaga

72 2401 116 2441 d.
150 2402 179 2441 ἰ.
212 2411 253 2442 υ.
287 2397 360 2439 καὶ
396 2421 446 2427 -
482 2395 651 2450 είτηειν
798 2399 846 2440 11
883 2401 1165 2442 salvarentur
1194 2401 1233 2441 Β
1315 2403 1538 2441 vocantur
1567 2398 1654 2441 AC
1683 2410 1762 2440 vo-

74 2462 198 2501 catur
226 2460 266 2501 Ρ
295 2460 505 2501 dicuntur
534 2460 572 2501 Β
648 2459 701 2499 12
734 2459 811 2500 alii
837 2478 890 2487 —
919 2459 973 2500 14
1006 2460 1209 2500 habitam
1241 2471 1331 2501 om.
1364 2460 1402 2500 B
1466 2459 1519 2499 12
1553 2452 1768 2500 aliorum²

74 2529 164 2560 om.
194 2518 280 2560 AC
401 2519 455 2560 14
487 2522 647 2561 terram
683 2518 720 2560 C
793 2519 839 2559 in
873 2531 962 2560 om.
994 2518 1083 2560 AC
1154 2520 1457 2560 substantiam
1491 2519 1708 2570 duplicat
1730 2519 1765 2559 A

137 2577 191 2618 16
222 2578 283 2619 ad
312 2578 391 2620 PA
426 2582 471 2621 et
505 2577 543 2620 C
571 2590 660 2620 om.
693 2579 732 2619 B
811 2578 863 2619 17
897 2579 1134 2620 hominum
1167 2579 1207 2620 Ρ
1236 2579 1440 2619 omnium
1475 2578 1514 2619 D
1578 2581 1623 2619 et
1655 2579 1767 2619 alio-

78 2648 172 2678 rum
204 2648 294 2678 om.
325 2637 363 2679 Β
471 2637 525 2679 18
558 2639 674 2680 haec
705 2638 786 2679 PA
821 2639 910 2679 hoc
944 2637 982 2680 C
1017 2638 1134 2679 haec
1166 2642 1212 2679 et
1242 2639 1280 2678 Β
1387 2638 1442 2678 19
1475 2641 1520 2679 et
1551 2648 1641 2679 om.
1675 2636 1714 2679 C

77 2695 133 2735 20
166 2697 325 2738 horum
357 2698 626 2739 incrementi
649 2698 689 2738 Ρ
729 2698 934 2738 omnium
968 2698 1128 2738 horum
1161 2698 1430 2739 incrementi
1453 2697 1488 2738 A
1530 2697 1768 2738 hominum

77 2756 344 2796 incrementi
378 2755 416 2798 C
444 2757 552 2798 incr.
585 2755 825 2798 hominum
859 2754 970 2807 (hoc
1000 2754 1124 2806 ord.)
1155 2757 1193 2798 Β
1366 2758 1456 2798 sint
1488 2767 1544 2798 ex
1573 2759 1680 2798 sunt
1713 2751 1770 2798 C²

77 2818 183 2856 sunt
212 2815 246 2856 A
372 2814 427 2856 22
459 2819 508 2857 ut
538 2817 578 2857 Ρ
606 2818 653 2858 in
678 2816 772 2859 AC
800 2820 848 2858 ut
879 2818 926 2857 in
959 2817 996 2857 B
1110 2815 1165 2857 23
1198 2811 1401 2870 circulos]
1429 2814 1572 2866 (eras.
1605 2813 1703 2865 et?)
1734 2816 1774 2857 Ρ

78 2875 257 2921 circulis
287 2875 321 2915 A
444 2885 627 2926 semper
669 2877 1027 2926 procedentibus
1069 2886 1254 2925 semper
1297 2880 1564 2926 permaneat
1605 2875 1774 2916 indefi-.

80 2934 206 2974 ciens
237 2934 276 2974 Β
369 2933 423 2974 25
457 2938 640 2984 propter
671 2934 840 2976 fructus
872 2936 989 2976 haec
1021 2935 1208 2985 quidem
1242 2932 1353 2985 (hoc
1384 2933 1509 2986 ord.)
1539 2936 1574 2976 A

1447 3010 1503 3050 20
