1982 3172
593 75 676 121 DE
710 73 1066 120 ELEMENTIS
1100 73 1238 119 CAP.
1264 73 1307 119 V
1727 78 1798 127 69

109 214 384 267 hebetudo
413 219 467 264 et
500 213 761 270 densitas,
793 211 862 262 ab
897 212 1022 273 igne
1054 225 1187 262 vero
1222 224 1330 260 una
1360 209 1481 261 sola
1513 215 1712 267 motus,
1741 215 1794 259 et

108 289 173 341 fit
214 302 359 353 aqua
405 287 727 351 specificata
769 292 822 337 et
866 286 988 349 ipsa
1030 284 1381 342 hebetudine,
1426 283 1698 335 densitate
1739 288 1793 334 et

111 369 279 415 motu.
320 362 414 414 Est
448 363 614 426 igitur
646 375 876 412 acumen
911 360 982 411 ad
1017 359 1423 417 hebetudinem,
1457 363 1517 410 ut
1547 358 1691 421 ignis
1724 358 1794 408 ad
1832 366 1882 406 31

111 451 309 495 aerem,
339 443 394 488 et
428 443 487 488 ut
522 437 717 488 raritas
752 436 823 486 ad
861 435 1205 493 densitatem,
1241 434 1319 485 sic
1349 448 1442 485 aer
1476 433 1547 483 ad
1579 447 1797 496 aquam,

3 523 6 525 ’
63 518 170 564 sut
202 526 336 563 vero
376 518 560 563 motus
597 510 668 562 ad
709 511 1019 567 stationem,
1059 510 1138 560 sic
1173 523 1318 572 aqua
1353 508 1424 559 ad
1464 514 1681 559 terram.
1726 507 1798 559 Ut

112 588 279 651 igitur
319 592 403 637 est
447 587 590 649 ignis
632 585 703 636 ad
748 599 947 642 aerem,
992 585 1071 635 sic
1111 590 1195 635 est
1234 597 1328 635 aer
1370 584 1441 633 ad
1482 596 1700 646 aquam,
1744 588 1798 632 et

108 667 167 713 ut
192 675 285 712 aer
315 661 386 711 ad
416 675 632 724 aquam,
665 660 744 721 sic
772 673 918 722 aqua
945 659 1017 709 ad
1046 665 1261 710 terram.
1303 658 1496 710 Exstat
1521 658 1666 708 enim
1697 656 1794 707 ad-

110 737 294 787 iuncta
325 734 588 786 contineri
625 734 839 786 duabas
873 733 1280 791 medietatibuS‚
1316 732 1794 795 interpositionem

109 810 273 862 unius
315 809 574 860 habentia
618 822 729 860 una
772 808 1084 866 medietate,
1128 808 1235 859 hoc
1278 813 1362 858 est
1419 806 1794 858 similitudine.

46 898 88 934 10
110 883 421 936 Secundum
447 882 616 933 alium
648 897 867 946 quoque
897 882 1124 933 modum
1157 882 1347 933 dicunt
1377 881 1673 944 qualitates
1701 881 1797 931 ha·
1830 888 1886 930 32

110 959 236 1010 bere
274 957 569 1009 elementa:
611 963 811 1009 terram
850 971 1088 1020 namque
1129 963 1183 1008 et
1222 971 1424 1020 aquam
1464 957 1795 1020 gravitatem

107 1032 324 1090 habere,
366 1045 475 1095 per·
507 1045 672 1096 quarn
714 1031 946 1083 inferius
989 1045 1022 1081 a
1063 1037 1262 1083 natura
1305 1030 1572 1090 feruntur,
1613 1045 1795 1082 aerem

106 1120 239 1158 vero
268 1111 324 1158 et
358 1107 543 1170 ignem
577 1106 874 1165 levitatem,
911 1119 1008 1169 per
1043 1120 1208 1169 quam
1244 1106 1500 1169 superius
1531 1119 1565 1156 a
1598 1110 1796 1157 natura

109 1180 374 1233 feruntur.
432 1180 655 1233 Stoici
692 1194 827 1232 vero
867 1180 1055 1232 dicunt
1093 1180 1492 1232 elementorum
1532 1180 1642 1231 alia
1681 1181 1798 1244 qui·
1833 1188 1889 1230 33

43 1269 87 1305 15
111 1255 236 1306 dem
254 1269 376 1307 esse
399 1256 595 1314 activa,
616 1254 726 1306 alia
747 1269 880 1306 vero
905 1256 1155 1319 passiva:
1178 1256 1360 1307 activa
1375 1254 1599 1318 quidem
1614 1268 1797 1306 aerem

110 1335 164 1382 et
195 1330 394 1394 ignem,
431 1331 656 1394 passiva
687 1344 822 1382 vero
859 1336 1059 1382 terram
1093 1335 1148 1382 et
1182 1344 1400 1394 aquam.
1518 1330 1799 1381 Aristo·
1834 1338 1899 1381 34

113 1403 292 1456 teles
330 1411 516 1456 autem
559 1405 810 1468 quintum
852 1405 1018 1456 etiam
1060 1404 1271 1456 inducit
1313 1419 1531 1469 corpus,
1572 1404 1679 1457 hoc
1715 1410 1801 1456 est

111 1479 427 1531 aethereum
452 1484 508 1532 et
539 1479 689 1543 quod
721 1479 895 1532 fertur
926 1480 981 1530 in
1014 1479 1234 1538 circulo,
1265 1479 1460 1531 nolens
1489 1479 1703 1531 caelum
1730 1493 1799 1531 ex

111 1558 371 1616 quattuor
405 1550 692 1606 elementis
730 1568 854 1606 esse
892 1554 1100 1606 factum
1143 1551 1264 1619 (sed
1306 1555 1557 1618 quintum
1597 1569 1799 1618 corpus

42 1642 87 1678 20
109 1634 272 1680 vocat
304 1627 452 1691 quod
489 1628 662 1680 fertur
696 1629 750 1679 in
788 1628 1007 1688 circulo,
1043 1643 1109 1680 eo
1146 1630 1295 1693 quod
1330 1630 1384 1680 in
1420 1629 1624 1681 circulo
1657 1630 1801 1681 circa

112 1702 257 1754 idem
279 1701 527 1767 feratur),
555 1703 850 1755 Platone
876 1709 1065 1767 aperte
1093 1704 1308 1755 dicente
1333 1718 1403 1756 ex
1429 1704 1556 1768 igne
1577 1709 1631 1756 et
1657 1710 1801 1756 terra

110 1776 250 1831 illud
271 1783 538 1829 constare.
572 1777 716 1830 Dicit
736 1784 921 1830 autem
947 1779 1048 1829 sic:
1082 1779 1456 1843 „Corporeum
1477 1793 1628 1839 vero,
1649 1779 1800 1843 quod
1835 1787 1891 1829 35

111 1851 318 1902 factum
351 1858 450 1910 est,
487 1858 707 1915 oportet
742 1866 865 1904 esse
900 1853 1120 1904 visibile
1155 1859 1211 1904 et
1247 1853 1552 1917 palpabile3
1586 1854 1798 1918 absque

110 1926 237 1989 igne
274 1940 409 1977 vero
451 1926 663 1977 nullum
704 1927 921 1979 visibile
964 1927 1266 1991 aliquando
1309 1928 1517 1980 factum
1560 1935 1659 1988 est,
1698 1943 1799 1981 nec

45 2014 89 2049 25
113 2000 391 2064 palpabile
431 2001 547 2052 sine
589 2001 786 2059 solido,
827 2002 925 2053 sed
966 2016 1067 2054 nec
1107 2001 1348 2054 solidum
1389 2004 1599 2068 absque
1639 2010 1797 2055 terra.

111 2074 271 2126 Unde
298 2088 365 2126 ex
398 2075 524 2138 igne
553 2081 608 2126 et
641 2082 784 2127 terra
816 2076 952 2127 deus
984 2077 1206 2128 initians
1236 2092 1437 2141 corpus
1470 2079 1640 2130 totius
1669 2078 1799 2130 iecit

111 2154 376 2200 constare.
415 2148 524 2200 Sed
558 2149 669 2200 duo
702 2150 822 2201 sola
853 2151 992 2202 bene
1025 2153 1325 2204 consistere
1357 2153 1518 2204 tertio
1549 2154 1665 2204 sine
1698 2154 1795 2204 im·

184 2374 203 2416 1
240 2387 332 2416 una
363 2375 463 2416 sola
495 2378 678 2427 transf).
710 2377 749 2418 Β
914 2377 940 2417 2
973 2378 1290 2420 hebitudinem
1324 2379 1357 2420 A
1482 2373 1550 2420 et²
1582 2391 1672 2421 om.
1705 2380 1744 2421 Β

108 2433 134 2474 4
165 2438 215 2475 ut
245 2436 449 2477 dens1tas
483 2436 542 2477 ad
575 2437 799 2478 raritatem
824 2436 859 2477 A
982 2438 1009 2478 6
1041 2431 1135 2480 est²
1166 2450 1255 2478 om.
1281 2438 1364 2480 AB
1480 2439 1504 2479 7
1534 2441 1649 2490 post
1679 2451 1802 2490 aqua

109 2494 219 2535 add.
243 2497 290 2536 et
311 2495 349 2536 B
470 2495 497 2536 9
530 2489 621 2548 hsse
640 2492 806 2545 (antea
824 2496 940 2538 haec
958 2493 985 2540 ὁ
1003 2499 1056 2538 nt
1072 2494 1186 2547 vid.)
1203 2498 1244 2538 P
1365 2497 1419 2539 14
1453 2499 1639 2549 quidem
1658 2511 1747 2540 om.
1765 2500 1799 2541 A

171 2551 223 2594 15
253 2564 362 2596 vero
386 2555 424 2596 Β
455 2566 561 2596 esse
585 2556 625 2597 Ρ
656 2567 745 2596 om.
771 2555 804 2596 A
838 2570 841 2573 ·
869 2556 960 2597 alia
990 2567 1096 2598 esse
1129 2557 1315 2606 passiva
1347 2559 1594 2609 duplicata
1626 2560 1716 2600 del.
1742 2553 1802 2600 Ρι

167 2613 351 2662 quidem
383 2625 473 2655 om.
505 2615 543 2656 Β
737 2614 790 2655 16
821 2612 949 2665 vero]
983 2616 1169 2666 quidem
1202 2616 1238 2657 A
1361 2628 1528 2667 aquam
1562 2621 1608 2660 et
1639 2621 1799 2660 terram

107 2666 173 2719 (h.
198 2668 262 2722 ο.)
292 2672 330 2714 Β
452 2674 504 2715 17
537 2672 728 2724 inducit]
763 2675 943 2726 modic·
976 2672 1137 2725 (induc
1168 2687 1399 2727 supet-scr.
1433 2689 1492 2718 m.
1515 2674 1560 2727 2)
1593 2677 1627 2719 A
1711 2679 1800 2720 hoc

106 2741 162 2772 ex
193 2731 308 2773 haec
338 2732 378 2774 Ρ
539 2733 592 2775 18
625 2738 670 2776 ct
701 2746 791 2776 om.
825 2734 859 2775 A
982 2735 1147 2777 nolens
1182 2756 1234 2763 -
1270 2735 1326 2777 20
1359 2737 1406 2776 in
1439 2737 1608 2778 circulo
1641 2749 1731 2779 om.
1763 2739 1801 2780 Β

107 2790 272 2832 nolens
305 2802 391 2843 eqo
423 2788 526 2845 (By,
560 2790 621 2844 μὴ
655 2789 955 2845 βουλόμενος)
987 2795 1151 2837 volens
1183 2795 1265 2837 PA
1390 2796 1446 2837 24
1480 2800 1550 2839 est
1582 2808 1673 2839 om.
1703 2799 1742 2839 Β

107 2849 163 2891 25
195 2847 391 2901 absque]
424 2853 526 2895 sine
556 2853 592 2895 A
716 2853 772 2895 26
805 2856 851 2895 et
883 2865 974 2896 om.
1005 2853 1040 2896 A
1126 2855 1266 2897 totius
1298 2866 1388 2897 om.
1420 2856 1456 2898 A
1582 2857 1638 2899 27
1671 2867 1800 2906 cons,

106 2909 228 2955 bene
259 2910 361 2952 sine
391 2912 522 2954 tertio
554 2909 620 2964 (11.
657 2909 722 2969 ο.)
753 2913 788 2955 A
852 2915 964 2956 ante
995 2913 1106 2972 imp.
1138 2915 1250 2956 add.
1282 2918 1353 2963 est
1383 2914 1419 2966 A
