1982 3172
117 849 171 889 70

120 1451 170 1491 71

119 1599 173 1639 72

121 1821 175 1861 73

204 124 268 173 18
565 114 822 162 NEMESII
854 113 1171 162 PREMNON
1203 114 1528 162 PHYSICON

200 254 534 304 nutrimento
549 253 760 316 indiget
776 265 1042 315 corporeo
1056 264 1157 302 nec
1171 252 1513 314 operimento
1533 266 1633 303 nec
1645 252 1878 302 aliorum

202 326 405 391 aliquo,
440 326 496 379 Si
521 333 705 378 autem
730 326 955 390 indiget,
981 341 1090 377 non
1116 327 1217 378 erit
1239 326 1487 390 angelus.
1519 326 1884 379 Manifestum.
1959 327 1971 334 '

203 407 403 459 autem,
449 401 597 465 quod
645 415 746 464 pro
791 400 944 451 nulla
987 400 1096 451 alia
1141 407 1337 452 natura
1382 400 1530 453 facta
1569 402 1691 460 sint,
1736 413 1877 465 quae

202 475 414 539 angelis
439 475 793 538 praemineat.
829 474 1050 531 Quanto
1073 476 1216 526 enim
1243 474 1368 538 plus
1392 476 1710 538 praeminet,
1724 480 1878 527 tanto

203 550 327 612 plus
358 550 511 600 nullo
543 549 769 612 indiget.
812 548 1203 606 Quaerendum
1235 550 1402 612 igitur
1430 555 1684 600 naturam
1715 550 1879 601 ratio·
1929 557 1955 592 5

203 625 380 675 nalem
414 624 652 687 quidem,
683 623 1022 687 indigentem
1054 636 1185 674 vero
1215 624 1684 686 praememoratis.
1724 622 1894 680 Quae.

203 700 368 761 igitur
393 698 566 750 altera
591 697 717 749 talis
741 703 973 761 apparet
999 703 1215 761 praeter
1238 698 1555 749 hominem?
1590 697 1880 761 Colligitur

204 785 335 834 ergo
366 778 591 834 propter
617 772 763 822 hunc
790 772 938 822 facta
966 772 1140 822 fuisse
1167 771 1611 836 irrationa[bi]lia
1629 777 1688 822 et
1713 772 1894 822 inani--

204 853 366 898 mata.
471 847 613 903 Quia
654 848 834 910 igitur,
876 852 936 898 ut
975 852 1341 898 monstratum
1382 852 1479 905 est,
1521 851 1747 909 propter
1784 845 1882 897 ho->

203 921 403 971 minem
437 921 585 971 facta
615 927 756 978 sunt,
788 921 915 971 ideo
948 921 1250 983 principem
1282 934 1406 971 eum
1436 921 1733 971 constituit.
1775 919 1884 970 Sed
1911 925 1956 960 10

205 996 467 1058 principis
508 995 760 1046 officium
801 1001 885 1046 est
923 1001 1243 1046 mensurato
1284 1009 1403 1053 usu,
1445 995 1645 1058 quibus
1675 995 1882 1057 princi-

204 1075 381 1132 patur,
412 1070 492 1120 uti
521 1075 576 1120 et
605 1083 716 1119 non
748 1069 819 1119 ad
851 1069 1236 1132 fatigationem
1262 1068 1351 1119 vel
1383 1068 1684 1120 laesionem
1711 1081 1777 1119 ea
1807 1069 1887 1118 in·

206 1142 526 1193 deficienter
562 1156 758 1206 cogere
796 1156 898 1193 nec
933 1143 1173 1205 graviter
1210 1148 1265 1193 et
1301 1141 1717 1193 intolerabiliter
1754 1155 1882 1192 one·
1912 1149 1918 1154 '
1951 1167 1965 1183 ·

206 1232 340 1268 rare.
411 1218 643 1269 Peccant
701 1219 882 1281 igitur,
943 1219 1034 1281 qui
1079 1217 1547 1269 irrationabilibus
1589 1230 1706 1268 non·
1743 1217 1897 1267 bene.

205 1299 446 1343 utuntur.
491 1293 633 1342 Nam
666 1306 767 1343 nec
798 1306 940 1355 opus
974 1293 1184 1343 faciunt
1217 1292 1480 1355 principis
1511 1305 1613 1342 nec
1638 1292 1767 1342 iusti
1799 1305 1882 1342 se·
1914 1297 1956 1331 1⁵

207 1366 446 1417 cundum
481 1366 628 1429 quod
664 1367 927 1430 scriptum
960 1372 1068 1418 est:
1101 1366 1314 1425 „iustus
1348 1371 1639 1418 conservat
1669 1366 1883 1416 animas

206 1441 575 1491 iumentorum
635 1440 909 1491 suorum.“
1009 1441 1084 1491 At
1139 1441 1282 1491 iuste
1325 1440 1448 1502 quis
1492 1439 1636 1490 dicet
1675 1437 1887 1489 nullum

208 1521 431 1578 propter
456 1515 624 1573 aliud,
650 1515 748 1565 sed
772 1515 1210 1577 unumquodque
1236 1521 1460 1578 propter
1485 1528 1543 1565 se
1567 1515 1750 1576 ipsum
1770 1513 1896 1564 fac-·

209 1595 322 1640 tum
363 1603 500 1640 esse.
552 1588 884 1658 Separemus
924 1590 1091 1652 igitur
1132 1590 1284 1652 prius
1324 1590 1566 1639 animata
1604 1587 1674 1639 ab
1708 1588 1882 1638 inani-
1944 1647 1947 1650 ,

207 1664 370 1714 matis
412 1669 466 1714 et
505 1663 811 1720 videamus,
856 1665 900 1713 si
944 1663 1245 1713 inanimata
1286 1667 1522 1725 possunt
1561 1667 1787 1724 propter
1814 1674 1888 1712 se
1912 1666 1971 1705 2⁰-

208 1739 330 1801 ipsa
365 1738 513 1789 facta
549 1751 687 1788 esse.
734 1737 791 1788 Si
827 1739 972 1788 enim
1008 1737 1145 1788 haec
1179 1743 1404 1800 propter
1436 1750 1494 1788 se
1529 1738 1652 1800 ipsa
1681 1742 1882 1795 essent.

209 1811 491 1875 quomodo
549 1811 637 1862 vel
695 1812 843 1862 unde
900 1812 1208 1863 nutrientur
1265 1810 1564 1861 animalia?
1615 1809 1884 1861 Videmus

209 1899 446 1949 namque
505 1891 757 1937 naturam
804 1885 1194 1937 concedentem
1240 1882 1572 1935 animalibus
1616 1897 1772 1935 escas
1816 1883 1885 1934 de
1939 1899 1943 1903 ’

211 1967 353 2011 terra
383 1967 437 2011 et
468 1960 738 2011 fructibus
770 1966 822 2011 et
854 1960 1056 2023 plantis
1089 1960 1333 2022 exceptis
1364 1959 1725 2022 sarcophagis
1751 1971 1885 2021 pau-

210 2035 458 2091 cissimis,
498 2034 595 2084 sed
632 2039 686 2085 et
721 2034 807 2083 his
846 2033 1067 2096 quidem
1104 2034 1157 2082 in
1193 2046 1375 2083 escam
1410 2031 1742 2083 habentibus
1773 2031 1888 2082 ani·
1913 2035 1958 2070 25

211 2108 377 2159 malia
422 2114 621 2160 terram
670 2109 966 2171 pascentia,
1013 2114 1074 2159 ut
1119 2108 1235 2170 lupi
1282 2114 1335 2159 et
1379 2107 1568 2158 leones
1608 2119 1785 2170 agnos
1827 2111 1883 2157 et

212 2196 405 2244 capras
459 2188 512 2232 et
569 2195 761 2232 cervos
816 2187 980 2244 atque
1024 2195 1222 2243 porcos
1263 2186 1536 2238 voranteS‚
1577 2184 1631 2230 et
1664 2177 1886 2240 aquilae

212 2257 460 2319 perdices
492 2263 545 2308 et
577 2257 878 2320 phasianos
910 2262 963 2308 et
994 2257 1212 2319 lepores
1244 2261 1297 2307 et
1328 2255 1543 2314 similia,
1570 2267 1710 2317 quae
1739 2251 1883 2304 fruc-

285 2363 310 2403 2
339 2364 453 2413 post
482 2361 640 2403 Manis.
673 2363 783 2402 add.
818 2365 887 2402 est
913 2361 993 2402 CB
1084 2362 1109 2402 3
1143 2364 1248 2402 sunt
1277 2360 1315 2402 C
1402 2360 1429 2399 4
1462 2359 1776 2408 praemineant
1801 2357 1839 2398 C

212 2423 313 2470 plus
344 2421 424 2462 ΡΑ
460 2422 656 2470 amplius
691 2420 772 2462 CB
915 2421 940 2460 5
973 2422 1099 2461 nullo
1132 2432 1188 2462 ex
1218 2420 1368 2460 nullus
1398 2411 1527 2460 A¹C¹
1609 2419 1769 2457 natura
1800 2417 1838 2457 Β

212 2481 238 2520 6
271 2481 456 2530 quidem
489 2491 578 2521 om.
610 2481 649 2521 Β
746 2474 926 2532 (vero)
960 2491 1045 2530 eqo
1080 2477 1169 2530 (δὲ)
1202 2490 1290 2520 om.
1325 2477 1366 2519 Ο
1559 2476 1583 2516 7
1616 2476 1756 2516 altera
1783 2477 1896 2527 post

212 2543 414 2589 apparet·
429 2539 594 2591 pon.A
680 2539 706 2579 8
740 2550 849 2589 ergo
873 2538 960 2581 PC
988 2540 1123 2589 igitur
1144 2539 1228 2580 AB
1288 2540 1471 2587 propter
1500 2536 1622 2575 hunc
1645 2535 1685 2575 P
1714 2537 1898 2584 propter

213 2599 302 2638 hoc
324 2598 411 2639 AC
439 2610 520 2648 per
550 2600 640 2639 hoc
672 2602 856 2648 propter
886 2599 975 2638 hoc
999 2598 1036 2638 Β
1096 2597 1371 2638 irrationalia
1394 2606 1480 2645 eyo
1504 2594 1829 2634 irrationabilia
1852 2591 1894 2634 0

274 2657 323 2696 11
361 2657 482 2698 offic.
516 2661 586 2698 est
617 2659 799 2708 transp.
828 2657 880 2707 A,
912 2658 1021 2708 fort.
1056 2660 1191 2706 reete,
1232 2656 1288 2706 cf.
1321 2651 1441 2694 ἐςτιν
1471 2650 1608 2703 ἔργον
1639 2653 1676 2693 Β
1767 2663 1903 2693 men-⁷

213 2719 364 2756 surato
397 2716 443 2756 M
476 2717 711 2757 moderato
741 2717 780 2758 Β
914 2716 967 2756 12
1000 2727 1094 2757 non
1127 2727 1215 2756 om.
1250 2708 1306 2756 C¹
1337 2714 1490 2765 suppl.
1525 2706 1583 2753 C²
1705 2711 1758 2752 13
1790 2708 1893 2760 nec]

213 2786 366 2824 neque
397 2774 431 2814 A
602 2775 654 2815 15
687 2776 816 2816 iustis
847 2776 886 2816 Β
1053 2775 1105 2815 17
1139 2775 1250 2824 quid
1278 2773 1314 2813 A
1491 2771 1545 2811 19
1577 2775 1646 2812 est
1676 2771 1714 2811 B
1773 2770 1896 2820 prius

214 2845 302 2874 om.
335 2833 373 2873 B
514 2833 570 2872 20
603 2837 788 2884 propter
807 2845 906 2875 rom.
939 2835 973 2874 A
1112 2833 1168 2873 22
1199 2833 1448 2872 nutrientur
1478 2825 1537 2871 Ρ1
1568 2825 1895 2879 (τραφήεεται)

215 2893 483 2932 nutrirentur
505 2886 612 2933 P²D
727 2893 782 2932 23
816 2904 967 2933 escam
993 2893 1030 2933 Β
1144 2892 1199 2932 28
1233 2892 1439 2940 perdices
1472 2894 1516 2930 et
1540 2890 1618 2929 PA
1654 2891 1834 2938 transp.
1863 2886 1900 2928 C

216 2946 281 2992 et¹
315 2963 402 2991 om.
429 2951 465 2990 Β
556 2953 667 2991 ante
699 2953 799 2991 sim.
832 2953 942 2992 add.
976 2953 1046 2991 his
1077 2952 1111 2991 A
