1982 3172
75 68 162 157 AB
194 105 460 156 ALFANO
495 105 559 152 IN
594 103 884 151 LATINUM
919 100 1352 148 TRANSLATUM
1389 99 1593 147 CAP.11
1651 106 1719 157 35

31 254 84 300 et
109 248 259 299 absit
293 252 507 309 praeter
541 243 771 293 subiecti
805 242 1229 304 corruptionem,
1263 246 1316 290 et
1348 240 1533 289 anima
1561 252 1718 301 sepa-

34 322 239 374 rabitur
274 320 484 383 absque
522 318 752 369 subiecti
791 316 1158 379 corruptione.
1206 314 1315 366 Sed
1354 314 1459 365 hoc
1494 327 1605 364 non
1636 319 1719 364 est

31 410 236 448 verum.
279 394 404 446 Non
436 394 604 458 igitur
635 393 806 444 crasis
836 390 923 442 vel
957 389 1195 454 qualitas
1226 395 1310 441 est
1333 389 1532 440 anima.
1577 386 1718 439 Nam
1755 400 1808 440 47

33 485 131 523 nec
167 471 334 522 etiam
374 475 434 521 ut
472 468 706 519 alterum
747 467 1133 530 oppositorum
1174 463 1499 516 naturaliter
1538 464 1720 514 inesse

3 546 220 597 sdicunt
253 543 494 602 animali,
529 549 589 594 ut
623 543 737 606 igni
772 540 1026 593 calorem.
1074 538 1447 603 Inseparabile
1481 551 1720 601 namque

30 626 114 673 est
138 620 256 671 hoc,
293 619 401 670 Sed
429 619 599 669 erasis
623 622 855 680 apparet
881 614 1233 687 separabilis:
1259 614 1555 677 praecipue
1575 613 1719 663 enim

32 695 138 759 ipsi
164 694 361 745 medici
392 691 705 744 medicinali
735 698 851 742 arte
866 696 1206 742 commutant
1222 703 1420 740 craseS.
1449 687 1722 751 Amplius,
1755 701 1842 742 48⁴⁹

34 770 214 821 omnis
236 769 483 832 corporis
506 766 802 830 qualitates
826 763 1115 815 sensibiles
1139 769 1281 814 sunt.
1313 763 1515 813 Anima
1537 767 1722 813 autem

37 858 144 894 non
187 849 273 895 est
319 842 611 900 sensibiliS,
659 840 757 891 sed
803 838 1195 902 intellegibilis.
1255 837 1509 895 Qualitas
1557 837 1724 900 igitur

8 919 280 982 ·corporis
303 930 414 967 non
443 917 544 967 erit
574 916 772 966 anima.
804 913 952 972 Item,
983 914 1231 976 corporis
1257 919 1310 964 et
1336 913 1563 975 spiritus
1594 926 1716 962 cum
1758 926 1814 966 49

36 992 401 1056 dispositione
446 991 790 1044 carniumet
833 1002 1129 1039 nervorum
1174 986 1522 1050 aliorumque
1578 985 1724 1036 bona

35 1067 398 1130 temperantia
428 1071 512 1116 est
546 1064 832 1122 fortitudo,
867 1068 922 1114 et
958 1062 1263 1114 calidorum
1299 1068 1352 1113 et
1386 1060 1717 1124 frigidorum

34 1148 87 1193 et
112 1142 380 1192 siccorum
410 1146 462 1191 et
492 1138 845 1189 humidorum
877 1138 1022 1188 bona
1053 1138 1417 1200 temperantia
1444 1136 1595 1186 salus
1620 1142 1718 1193 est,

36 1222 89 1267 et
120 1215 429 1267 moderatio
463 1213 834 1265 membrorum
869 1226 992 1262 cum
1024 1212 1172 1263 bono
1208 1210 1392 1262 colore
1426 1210 1727 1273 pulchritu-

1 1301 9 1332 ·:
39 1291 222 1341 dinem
249 1289 425 1340 efficit
453 1289 716 1352 corporis.
756 1286 812 1338 Si
839 1288 1006 1350 igitur
1032 1286 1323 1337 harmonia
1364 1285 1471 1336 hoc
1490 1291 1573 1336 est
1601 1298 1728 1336 con-

41 1369 224 1419 cordia
252 1367 440 1418 salutis
467 1372 518 1417 et
551 1365 877 1417 fortitudinis
911 1370 1076 1428 atque
1107 1363 1517 1427 pulchritudinis
1546 1363 1729 1413 anima

38 1445 136 1498 est,
164 1452 388 1490 necesse
417 1443 564 1489 esset
591 1437 870 1488 hominem
899 1437 1178 1487 viventem
1207 1449 1309 1486 nec
1336 1434 1607 1485 infirmari
1630 1448 1731 1485 nec

41 1511 313 1565 debilitari
359 1526 459 1563 nec
504 1512 802 1575 deturpari.
859 1510 968 1562 Sed
1015 1511 1331 1574 frequenter
1377 1511 1560 1561 evenit
1616 1523 1728 1560 non

40 1602 206 1639 unam
243 1587 440 1646 solum,
477 1587 574 1639 sed
612 1587 713 1637 has
748 1592 859 1638 tres
898 1585 1060 1636 simul
1098 1586 1378 1637 eucrasias
1410 1584 1639 1648 deperdi
1677 1590 1730 1635 et

0 1671 20 1705 t·
43 1664 226 1714 vivere
260 1662 554 1714 hominem.
603 1660 884 1724 Contingit
922 1674 1160 1724 namque
1197 1660 1435 1711 eundem
1474 1659 1638 1710 simul
1673 1666 1727 1711 et

44 1745 259 1801 turpem
297 1750 419 1789 esse
459 1742 512 1788 et
552 1735 789 1788 debilem
829 1742 882 1787 et
921 1735 1221 1786 infirmum.
1274 1734 1398 1785 Non
1434 1735 1601 1797 igitur
1640 1748 1733 1784 eu-

45 1813 221 1863 crasia
257 1813 504 1875 corporis
541 1817 625 1863 est
662 1811 860 1861 anima.
911 1810 1208 1866 Quomodo
1247 1811 1415 1873 igitur
1451 1808 1734 1860 naturales
1769 1823 1825 1864 50

47 1886 320 1948 quaedam
352 1885 595 1938 malitiae
627 1892 681 1937 et
713 1886 946 1937 virtutes
978 1885 1296 1935 hominibus
1330 1884 1573 1935 adsunt?
1618 1883 1736 1934 Hoc

48 1968 231 2011 tamen
252 1973 380 2011 vere
405 1961 672 2024 contingit
695 1974 762 2011 ex
788 1961 927 2010 crasi
953 1959 1216 2023 corporis,
1251 1958 1392 2010 Nam
1414 1960 1554 2009 sicut
1578 1963 1736 2009 natu·

2 2044 17 2075 Ξ
50 2034 234 2086 raliter
272 2042 399 2086 sunt
437 2035 686 2085 salubres
724 2048 792 2085 ex
833 2035 971 2085 crasi
1012 2041 1065 2086 et
1104 2034 1358 2091 morbidi,
1393 2035 1471 2084 sic
1510 2033 1735 2096 quidam

128 2172 146 2211 l
183 2176 229 2212 et
254 2190 308 2196 —
335 2171 360 2210 2
394 2172 688 2220 corruptione
720 2181 810 2212 om.
842 2171 880 2211 Β
1001 2171 1026 2211 3
1060 2172 1200 2211 erasis
1219 2191 1273 2196 -
1292 2167 1463 2218 anima]
1498 2173 1568 2210 est
1600 2168 1740 2209 erasis

48 2230 119 2271 vel
153 2230 349 2280 qualitas
381 2232 451 2271 est
483 2230 638 2270 anima
671 2229 709 2271 C
749 2233 819 2271 est
857 2241 1012 2271 verum
1047 2231 1195 2271 crasin
1228 2229 1302 2271 vel
1335 2229 1601 2280 qualitatem
1635 2238 1741 2269 esse

49 2290 247 2330 animam
279 2290 318 2330 Β
469 2289 584 2329 4-5
626 2290 781 2330 inesse
813 2290 901 2331 dic.
934 2291 1117 2341 transp.
1150 2283 1255 2330 P¹B
1287 2289 1335 2330 ἰη
1368 2289 1470 2330 ord.
1503 2289 1599 2329 red.
1632 2280 1744 2328 Ρ’”“8

109 2349 135 2389 6
168 2353 238 2390 est
269 2361 358 2390 om.
390 2349 424 2391 A
506 2345 713 2399 apparet]
748 2352 818 2390 est
848 2348 882 2390 A
1029 2349 1054 2390 8
1088 2348 1258 2390 Anima
1289 2352 1442 2390 autem
1476 2351 1544 2389 est
1578 2347 1742 2388 intelli-

49 2408 204 2459 gibilis
228 2419 324 2450 non
348 2409 595 2450 sensibilis.
645 2407 887 2455 Quantitas
911 2408 944 2449 A
1083 2408 1136 2449 10
1169 2408 1332 2450 Iterum
1357 2407 1444 2449 AC
1567 2403 1616 2446 11'
1654 2406 1744 2446 dis-

53 2478 152 2517 pos.
185 2479 305 2510 carn.
340 2470 523 2519 transp.
556 2468 593 2508 B
715 2471 759 2509 et
792 2478 1030 2509 nervorum
1065 2479 1154 2510 om.
1186 2468 1221 2509 A
1408 2467 1461 2507 12
1502 2469 1642 2516 temp.
1677 2468 1746 2506 est

53 2529 235 2578 transp.
267 2528 305 2568 Β
365 2524 634 2576 calidorum]
670 2527 872 2567 colorum
907 2527 941 2568 A
1069 2527 1122 2569 13
1156 2521 1223 2569 et¹
1255 2538 1345 2568 om.
1378 2526 1416 2567 Β
1477 2529 1523 2567 et
1555 2526 1599 2566 h.
1632 2528 1677 2566 et
1708 2535 1745 2566 s.

53 2583 148 2635 (his
181 2588 420 2639 compend.
454 2589 500 2629 et
531 2587 620 2629 hoc
651 2583 775 2636 ord.)
806 2586 841 2627 A
936 2587 1061 2628 salus
1093 2590 1163 2629 est
1195 2589 1378 2638 transp.
1410 2586 1444 2627 A
1594 2584 1647 2625 15
1680 2584 1745 2626 ef-

53 2645 150 2686 ficit
181 2657 270 2687 om.
301 2641 361 2687 A¹
394 2649 439 2687 in
475 2658 624 2698 mary.
657 2648 813 2698 suppl.
845 2639 906 2686 A²
998 2647 1086 2688 hoc
1118 2643 1204 2695 est]
1240 2647 1288 2687 id
1318 2649 1389 2688 est
1419 2645 1452 2687 A
1595 2643 1649 2686 16
1682 2647 1747 2684 at-

55 2716 146 2755 que
178 2705 225 2746 M
256 2708 302 2747 et
332 2706 370 2746 Β
507 2706 558 2746 17
593 2703 732 2755 esset]
767 2708 837 2747 est
868 2706 1005 2747 etiam
1037 2706 1070 2747 A
1206 2704 1260 2746 18
1294 2705 1431 2747 debil.
1465 2715 1552 2746 nec
1585 2703 1749 2744 infirm.

56 2762 166 2814 (hoc
196 2762 319 2814 ord.)
351 2765 389 2806 B
511 2765 565 2805 19
594 2768 707 2816 post
738 2766 821 2806 sed
854 2766 967 2807 add.
999 2766 1138 2806 etiam
1172 2767 1218 2806 et
1248 2765 1383 2806 simul
1412 2766 1527 2816 post
1559 2763 1750 2813 deperdi

53 2835 165 2876 pon.
196 2824 231 2865 A
431 2823 486 2864 20
520 2823 722 2876 Contigit
751 2825 786 2865 A
911 2825 1045 2865 simul
1074 2827 1189 2876 post
1219 2824 1448 2865 infirmum
1479 2834 1591 2876 pon.
1624 2822 1658 2864 A

59 2883 123 2983 t2121’1
127 2886 215 2993 εἰεί(
236 2884 401 2984 Σῐὲξηια
433 2886 614 2935 transp.
648 2884 685 2924 Β
867 2883 922 2925 24
963 2887 1116 2925 tamen
1156 2893 1263 2926 vere
1295 2886 1478 2936 transp.
1515 2882 1552 2924 C
1641 2893 1751 2923 con·

1429 3018 1486 3064 3.
