1982 3172
369 121 452 168 DE
486 120 1086 168 DELECTATIONIBUS
1122 120 1259 168 CAP.
1286 120 1439 167 XVIII
1700 131 1768 180 97

82 261 301 324 periem.
343 260 660 310 Curandum
696 266 778 310 est
811 266 994 310 autem
1030 259 1236 309 malum
1272 274 1432 309 usum
1469 274 1571 310 usu
1604 260 1766 318 bon0,
1808 269 1861 309 10

82 334 642 397 indisciplinationem
688 334 981 396 disciplina
1025 340 1079 385 et
1125 333 1326 385 studio.
1385 333 1589 384 Malam
1635 348 1768 385 vero

81 408 459 459 habitudinem
522 409 907 459 medicandum
973 409 1332 471 corporaliter
1393 415 1769 471 permutantes

82 496 220 541 eam,
265 489 321 534 ut
367 490 557 534 notum
603 490 700 541 est,
745 484 816 533 ad
863 484 1099 533 mediam
1147 485 1467 546 temperiem
1526 497 1770 546 congrua

37 575 62 610 5
84 557 267 609 diaeta
295 565 348 609 et
381 559 653 609 exercitiis
687 565 739 609 et
775 558 1101 620 pharmacis,
1137 559 1181 608 si
1215 572 1358 620 opus
1388 558 1473 608 his
1503 558 1770 609 habuerit.

449 749 566 817 DE
615 745 1418 818 DELECTATloNlssUS
1801 824 1865 874 18

170 886 609 937 Delectationum
635 886 739 936 hae
773 886 995 948 quidem
1028 891 1156 936 sunt
1187 886 1471 944 animales,
1502 886 1606 936 hae
1636 900 1770 937 vero
1811 897 1829 937 1

82 960 413 1023 corporales.
451 960 737 1026 Animales
770 967 973 1019 autem,
1008 974 1148 1023 quae
1184 966 1312 1011 sunt
1346 960 1520 1011 solius
1553 961 1770 1011 animae
1809 971 1834 1011 2

83 1035 386 1086 secundum
421 1048 481 1085 se
515 1027 711 1098 ipsam,
748 1041 807 1086 ut
845 1049 985 1098 quae
1023 1041 1151 1086 sunt
1186 1036 1330 1086 circa
1363 1034 1686 1098 disciplinas
1718 1043 1772 1087 et

18 1125 61 1161 10
84 1109 631 1172 contemplationem;
674 1110 778 1160 hae
823 1123 1061 1172 namque
1104 1116 1174 1168 et,
1220 1123 1361 1173 quae
1422 1116 1550 1162 sunt
1608 1110 1773 1161 huius

82 1183 250 1242 modi,
281 1183 454 1234 solius
488 1189 615 1234 sunt
649 1184 881 1234 animae.
928 1183 1260 1247 Corporales
1292 1198 1426 1235 vero
1458 1189 1599 1242 sunt,
1631 1198 1771 1247 quae
1810 1195 1835 1236 3

84 1258 228 1309 fiunt
247 1272 370 1308 cum
394 1259 786 1310 communitate
811 1260 1060 1321 corporis
1083 1264 1138 1309 et
1159 1259 1377 1309 animae
1395 1259 1635 1322 ideoque
1657 1273 1773 1310 cor-

86 1332 306 1396 porales
337 1339 584 1391 vocatae,
623 1340 681 1384 ut
717 1347 857 1396 quae
896 1339 1023 1384 sunt
1060 1335 1202 1384 circa
1238 1334 1390 1384 cibos
1423 1340 1479 1385 et
1510 1336 1774 1385 commix-
1830 1387 1834 1390 ,

82 1408 278 1458 tiones,
335 1406 519 1458 Solius
563 1409 709 1458 enim
756 1410 1003 1471 corporis
1049 1408 1236 1459 nullus
1296 1410 1540 1460 inveniet
1596 1409 1774 1460 delec-

21 1498 64 1532 15
86 1482 323 1533 tationes
354 1483 624 1545 propriaS,
661 1483 758 1533 sed
794 1483 980 1544 potius
1016 1484 1322 1546 passiones,
1356 1482 1510 1535 velut
1542 1485 1775 1536 excisio-

84 1570 184 1607 nes
214 1562 269 1607 et
305 1555 494 1606 fluxus
527 1562 583 1607 et
619 1557 929 1620 qualitates,
966 1572 1107 1621 quae
1143 1564 1271 1609 sunt
1305 1559 1609 1609 secundum
1642 1565 1776 1610 tem-

87 1630 409 1694 perantiam.
440 1629 634 1682 Omnis
654 1633 800 1682 enim
826 1631 1119 1684 delectatio
1144 1638 1228 1684 est
1251 1646 1374 1683 cum
1396 1632 1775 1684 sensibilitate.

87 1705 194 1755 Sed
234 1705 652 1757 sensibilitatem
692 1707 987 1757 animalem
1023 1721 1148 1758 esse
1188 1707 1550 1759 ostendimus,
1602 1708 1777 1759 Mani·
1814 1719 1839 1759 4

89 1779 292 1830 festum
324 1787 524 1838 autem,
561 1781 710 1844 quod
746 1781 1038 1832 delectatio
1075 1783 1145 1833 sit
1179 1797 1386 1841 eorum,
1421 1797 1563 1846 quae
1594 1777 1777 1834 multi-

23 1868 66 1905 20
91 1853 302 1916 pliciter
329 1853 598 1906 dicuntur.
642 1855 783 1906 Nam
815 1855 1020 1906 diversi
1050 1858 1270 1919 generis
1301 1863 1429 1908 sunt
1460 1857 1778 1909 delectatio-

87 1942 202 1986 neS,
239 1933 298 1979 ut
338 1928 630 1992 religiosae
670 1929 1064 1982 delectationes
1105 1937 1158 1982 et
1195 1931 1391 1990 malae,
1430 1938 1485 1983 et
1518 1933 1623 1983 hae
1660 1933 1776 1996 qui-

90 2002 214 2052 dem
252 2002 444 2065 falsae,
483 2003 624 2054 aliae
661 2011 846 2055 autem
884 2019 1073 2063 verae;
1111 2012 1166 2057 et
1201 2006 1306 2057 hae
1343 2007 1566 2070 quidem
1602 2007 1775 2058 solius

88 2078 287 2128 mentis
324 2077 627 2128 secundum
667 2078 1032 2142 disciplinam,
1069 2081 1173 2131 hae
1210 2095 1344 2132 vero
1384 2095 1507 2132 cum
1546 2096 1776 2145 corpore

91 2152 393 2202 secundum
427 2152 860 2205 sensibilitatem.
907 2154 972 2205 Et
1004 2155 1199 2206 harum
1236 2162 1437 2216 autem,
1474 2171 1614 2220 quae
1651 2163 1778 2208 sunt

28 2240 68 2276 25
92 2225 394 2276 secundum
434 2226 867 2287 sensibilitatem,
907 2229 1010 2280 hae
1050 2230 1274 2293 quidem
1315 2237 1442 2282 sunt
1481 2231 1777 2290 naturaleS,

90 2301 193 2350 hae
221 2314 354 2351 vero
388 2315 515 2352 non.
561 2301 625 2352 Et
661 2301 1011 2354 delectationi
1047 2305 1286 2367 quidem,
1322 2319 1463 2368 quae
1495 2307 1662 2357 estin
1699 2307 1777 2356 bi-

169 2423 186 2462 1
225 2424 474 2463 curandum
508 2428 577 2464 est
610 2428 761 2464 autem
797 2426 963 2465 malum
997 2437 1128 2466 usum
1163 2427 1200 2466 Β
1243 2428 1493 2467 curandum
1527 2431 1679 2468 autem
1715 2432 1783 2468 est

92 2491 223 2521 usum
257 2482 423 2522 malum
457 2483 496 2523 P
525 2483 752 2523 curandus
785 2488 854 2524 est
886 2495 996 2525 usus
1031 2486 1176 2526 malus
1208 2487 1243 2527 A
1391 2487 1415 2526 5
1450 2487 1571 2527 dicta
1602 2487 1640 2527 B
1716 2482 1784 2528 et¹

92 2551 181 2581 om.
214 2540 248 2581 Α
356 2541 565 2583 iarmacis
598 2543 637 2583 Ρ
668 2543 884 2583 sarmatiis
916 2545 950 2584 A
987 2545 1294 2594 pharmachiis
1326 2545 1363 2585 B
1471 2546 1680 2587 habuerit
1714 2547 1783 2587 his

95 2610 218 2649 opus
250 2598 316 2650 (h.
349 2599 413 2651 ο.)
444 2602 479 2643 Α
514 2612 631 2652 opus
666 2603 873 2643 habuerit
904 2603 941 2643 Β
1080 2604 1107 2644 6
1139 2604 1210 2645 De
1243 2604 1628 2646 delectationibus
1660 2606 1700 2646 Ρ
1729 2606 1784 2631 *²*

95 2663 144 2700 10
173 2660 267 2711 fere
292 2661 382 2701 litt.
407 2661 442 2702 A
475 2666 502 2701 6
523 2662 618 2712 fere
643 2663 732 2703 litt.
758 2662 795 2702 B
928 2663 952 2703 7
987 2661 1326 2705 delectatiomfi
1359 2661 1406 2713 (ἐ
1431 2676 1552 2706 eras,
1578 2664 1691 2716 vid.)
1726 2660 1784 2707 ΡΒ

183 2721 272 2761 hae
305 2751 315 2761 .
342 2751 352 2761 .
380 2752 389 2761 .
423 2719 527 2770 hae]
562 2720 620 2762 ee
653 2753 662 2763 .
691 2753 699 2762 .
728 2753 737 2762 .
771 2723 860 2762 hee
890 2722 928 2762 B
1147 2733 1149 2736 ·
1198 2724 1225 2764 9
1258 2724 1548 2773 disciplinam
1581 2725 1666 2766 ΑΒ

97 2779 150 2820 10
183 2777 272 2820 hee
302 2780 340 2820 Β
508 2780 560 2820 12
594 2792 667 2822 an.
701 2785 746 2822 et
778 2793 901 2831 corp.
935 2780 1000 2832 (Ιι.
1034 2780 1098 2833 ο.)
1129 2783 1214 2824 ΑΒ
1397 2783 1450 2824 14
1483 2784 1655 2824 nullum
1688 2786 1725 2826 Β

97 2839 150 2879 18
190 2849 312 2880 sens.
345 2843 430 2880 ost.
463 2850 568 2881 esse
607 2841 934 2882 animalitatem
967 2842 1024 2891 B,
1069 2854 1195 2894 exsp.
1229 2843 1474 2884 animalem
1516 2855 1622 2885 esse
1661 2855 1783 2886 senS.

95 2901 180 2939 ost.
213 2895 278 2948 (h.
311 2896 375 2948 ο.)
510 2898 562 2939 21
599 2900 688 2941 hae
720 2901 906 2951 quIdem
939 2901 979 2942 Ρ
1008 2903 1223 2952 equidem
1256 2903 1339 2944 AB
1475 2902 1530 2943 22
1564 2904 1652 2944 hae
1685 2906 1783 2954 qui-

96 2955 216 3006 dem]
251 2959 464 3008 equidem
496 2959 534 2999 Β
655 2959 709 2999 24
743 2964 893 3001 autem
927 2973 1016 3002 om.
1049 2961 1132 3002 ΑΒ

185 3034 354 3070 Nemes.
382 3035 434 3070 ab
461 3032 616 3071 Aliano
643 3038 787 3072 transl.
815 3038 879 3073 ed.
907 3038 1127 3073 Burkhard
1491 3038 1514 3078 7
