<?xml version="1.0" encoding="UTF-8"?>
<!DOCTYPE html PUBLIC "-//W3C//DTD XHTML 1.0 Transitional//EN"
    "http://www.w3.org/TR/xhtml1/DTD/xhtml1-transitional.dtd">
<html xmlns="http://www.w3.org/1999/xhtml" xml:lang="en" lang="en">
 <head>
  <title>
</title>
<meta http-equiv="Content-Type" content="text/html;charset=utf-8" />
  <meta name='ocr-system' content='tesseract 3.04.00' />
  <meta name='ocr-capabilities' content='ocr_page ocr_carea ocr_par ocr_line ocrx_word'/>
</head>
<body>
  <div class='ocr_page' id='page_1' title='image "./nemesiiepiscopip00nemeuoft_0064.png"; bbox 0 0 1982 3172; ppageno 0'>
   <div class='ocr_carea' id='block_1_1' title="bbox 114 408 198 448">
    <p class='ocr_par' dir='ltr' id='par_1_1' title="bbox 114 408 198 448">
     <span class='ocr_line' id='line_1_1' title="bbox 114 408 198 448; baseline 0 0"><span class='ocrx_word' id='word_1_1' title='bbox 114 408 198 448; x_wconf 88' lang='grc'>103</span> 
     </span>
    </p>
   </div>
   <div class='ocr_carea' id='block_1_2' title="bbox 88 699 198 740">
    <p class='ocr_par' dir='ltr' id='par_1_2' title="bbox 88 699 198 740">
     <span class='ocr_line' id='line_1_2' title="bbox 88 699 198 740; baseline -0.018 0"><span class='ocrx_word' id='word_1_2' title='bbox 88 699 198 740; x_wconf 82' lang='grc'>,104</span> 
     </span>
    </p>
   </div>
   <div class='ocr_carea' id='block_1_3' title="bbox 117 1072 199 1111">
    <p class='ocr_par' dir='ltr' id='par_1_3' title="bbox 117 1072 199 1111">
     <span class='ocr_line' id='line_1_3' title="bbox 117 1072 199 1111; baseline 0.012 -1"><span class='ocrx_word' id='word_1_3' title='bbox 117 1072 199 1111; x_wconf 88' lang='grc'>105</span> 
     </span>
    </p>
   </div>
   <div class='ocr_carea' id='block_1_4' title="bbox 226 108 1559 168">
    <p class='ocr_par' dir='ltr' id='par_1_4' title="bbox 226 108 1559 168">
     <span class='ocr_line' id='line_1_4' title="bbox 226 108 1559 168; baseline 0 -11"><span class='ocrx_word' id='word_1_4' title='bbox 226 117 296 168; x_wconf 86' lang='grc'>48</span> <span class='ocrx_word' id='word_1_5' title='bbox 593 109 851 158; x_wconf 90' lang='lat' dir='ltr'>NEMESII</span> <span class='ocrx_word' id='word_1_6' title='bbox 885 108 1201 157; x_wconf 86' lang='lat' dir='ltr'>PREMNON</span> <span class='ocrx_word' id='word_1_7' title='bbox 1234 108 1559 157; x_wconf 86' lang='lat' dir='ltr'>PHYSICON</span> 
     </span>
    </p>
   </div>
   <div class='ocr_carea' id='block_1_5' title="bbox 230 248 1982 1647">
    <p class='ocr_par' dir='ltr' id='par_1_5' title="bbox 230 248 1982 1647">
     <span class='ocr_line' id='line_1_5' title="bbox 231 248 1913 312; baseline 0.002 -14"><span class='ocrx_word' id='word_1_8' title='bbox 231 263 370 311; x_wconf 89' lang='lat' dir='ltr'>quae</span> <span class='ocrx_word' id='word_1_9' title='bbox 407 255 532 299; x_wconf 91' lang='lat' dir='ltr'>sunt</span> <span class='ocrx_word' id='word_1_10' title='bbox 568 250 870 299; x_wconf 90' lang='lat' dir='ltr'>sententiae</span> <span class='ocrx_word' id='word_1_11' title='bbox 907 248 1255 305; x_wconf 85' lang='lat' dir='ltr'>Platonis,</span> <span class='ocrx_word' id='word_1_12' title='bbox 1290 248 1388 299; x_wconf 89' lang='lat' dir='ltr'>sed</span> <span class='ocrx_word' id='word_1_13' title='bbox 1424 255 1477 299; x_wconf 92' lang='lat' dir='ltr'>et</span> <span class='ocrx_word' id='word_1_14' title='bbox 1510 250 1687 312; x_wconf 89' lang='lat' dir='ltr'>ipsius</span> <span class='ocrx_word' id='word_1_15' title='bbox 1715 251 1913 302; x_wconf 88' lang='lat' dir='ltr'>verita·</span> 
     </span>
     <span class='ocr_line' id='line_1_6' title="bbox 232 322 1917 381; baseline 0.002 -8"><span class='ocrx_word' id='word_1_16' title='bbox 232 325 316 381; x_wconf 92' lang='lat' dir='ltr'>tis,</span> <span class='ocrx_word' id='word_1_17' title='bbox 360 330 420 373; x_wconf 91' lang='lat' dir='ltr'>ut</span> <span class='ocrx_word' id='word_1_18' title='bbox 462 337 529 373; x_wconf 85' lang='lat' dir='ltr'>ex</span> <span class='ocrx_word' id='word_1_19' title='bbox 574 322 762 373; x_wconf 90' lang='lat' dir='ltr'>multis</span> <span class='ocrx_word' id='word_1_20' title='bbox 804 322 928 372; x_wconf 91' lang='lat' dir='ltr'>aliis</span> <span class='ocrx_word' id='word_1_21' title='bbox 974 322 1298 380; x_wconf 83' lang='lat' dir='ltr'>ostenditur,</span> <span class='ocrx_word' id='word_1_22' title='bbox 1341 325 1580 374; x_wconf 85' lang='lat' dir='ltr'>maxime</span> <span class='ocrx_word' id='word_1_23' title='bbox 1617 330 1802 376; x_wconf 90' lang='lat' dir='ltr'>autem</span> <span class='ocrx_word' id='word_1_24' title='bbox 1845 338 1917 376; x_wconf 83' lang='lat' dir='ltr'>ex.</span> 
     </span>
     <span class='ocr_line' id='line_1_7' title="bbox 230 396 1911 462; baseline 0.002 -15"><span class='ocrx_word' id='word_1_25' title='bbox 230 397 349 455; x_wconf 87' lang='lat' dir='ltr'>hoe,</span> <span class='ocrx_word' id='word_1_26' title='bbox 383 399 510 460; x_wconf 90' lang='lat' dir='ltr'>quia</span> <span class='ocrx_word' id='word_1_27' title='bbox 543 410 643 447; x_wconf 90' lang='lat' dir='ltr'>nec</span> <span class='ocrx_word' id='word_1_28' title='bbox 674 410 785 447; x_wconf 93' lang='lat' dir='ltr'>una</span> <span class='ocrx_word' id='word_1_29' title='bbox 817 396 1226 447; x_wconf 85' lang='lat' dir='ltr'>rationabilium</span> <span class='ocrx_word' id='word_1_30' title='bbox 1260 398 1566 448; x_wconf 92' lang='lat' dir='ltr'>motionum</span> <span class='ocrx_word' id='word_1_31' title='bbox 1600 405 1834 462; x_wconf 91' lang='lat' dir='ltr'>apparet</span> <span class='ocrx_word' id='word_1_32' title='bbox 1857 400 1911 449; x_wconf 92' lang='lat' dir='ltr'>in</span> 
     </span>
     <span class='ocr_line' id='line_1_8' title="bbox 230 470 1914 533; baseline 0.002 -12"><span class='ocrx_word' id='word_1_33' title='bbox 230 471 699 523; x_wconf 90' lang='lat' dir='ltr'>irrationabilibus</span> <span class='ocrx_word' id='word_1_34' title='bbox 756 471 1103 521; x_wconf 90' lang='lat' dir='ltr'>animalibus.</span> <span class='ocrx_word' id='word_1_35' title='bbox 1174 470 1365 533; x_wconf 85' lang='lat' dir='ltr'>Neque</span> <span class='ocrx_word' id='word_1_36' title='bbox 1421 473 1567 522; x_wconf 92' lang='lat' dir='ltr'>enim</span> <span class='ocrx_word' id='word_1_37' title='bbox 1624 479 1770 524; x_wconf 91' lang='lat' dir='ltr'>artes</span> <span class='ocrx_word' id='word_1_38' title='bbox 1812 487 1914 524; x_wconf 90' lang='lat' dir='ltr'>nec</span> 
     </span>
     <span class='ocr_line' id='line_1_9' title="bbox 232 545 1982 610; baseline -0.002 -15"><span class='ocrx_word' id='word_1_39' title='bbox 232 545 556 608; x_wconf 91' lang='lat' dir='ltr'>disciplinae</span> <span class='ocrx_word' id='word_1_40' title='bbox 585 559 686 596; x_wconf 94' lang='lat' dir='ltr'>nec</span> <span class='ocrx_word' id='word_1_41' title='bbox 717 545 947 596; x_wconf 88' lang='lat' dir='ltr'>consilia</span> <span class='ocrx_word' id='word_1_42' title='bbox 978 559 1078 595; x_wconf 93' lang='lat' dir='ltr'>nec</span> <span class='ocrx_word' id='word_1_43' title='bbox 1107 546 1338 596; x_wconf 92' lang='lat' dir='ltr'>virtutes</span> <span class='ocrx_word' id='word_1_44' title='bbox 1369 559 1471 596; x_wconf 94' lang='lat' dir='ltr'>nec</span> <span class='ocrx_word' id='word_1_45' title='bbox 1499 546 1651 596; x_wconf 92' lang='lat' dir='ltr'>aliud</span> <span class='ocrx_word' id='word_1_46' title='bbox 1677 547 1809 610; x_wconf 90' lang='lat' dir='ltr'>quid</span> <span class='ocrx_word' id='word_1_47' title='bbox 1840 547 1911 598; x_wconf 90' lang='lat' dir='ltr'>ad</span> <span class='ocrx_word' id='word_1_48' title='bbox 1959 557 1982 592; x_wconf 75' lang='lat' dir='ltr'>s</span> 
     </span>
     <span class='ocr_line' id='line_1_10' title="bbox 231 619 1910 684; baseline 0.002 -15"><span class='ocrx_word' id='word_1_49' title='bbox 231 619 567 670; x_wconf 88' lang='lat' dir='ltr'>intellectum</span> <span class='ocrx_word' id='word_1_50' title='bbox 603 621 882 682; x_wconf 89' lang='lat' dir='ltr'>pertinens</span> <span class='ocrx_word' id='word_1_51' title='bbox 918 621 972 669; x_wconf 91' lang='lat' dir='ltr'>in</span> <span class='ocrx_word' id='word_1_52' title='bbox 1009 621 1145 682; x_wconf 90' lang='lat' dir='ltr'>ipsis</span> <span class='ocrx_word' id='word_1_53' title='bbox 1181 626 1279 678; x_wconf 88' lang='lat' dir='ltr'>est,</span> <span class='ocrx_word' id='word_1_54' title='bbox 1316 634 1383 670; x_wconf 86' lang='lat' dir='ltr'>ex</span> <span class='ocrx_word' id='word_1_55' title='bbox 1420 634 1529 683; x_wconf 92' lang='lat' dir='ltr'>quo</span> <span class='ocrx_word' id='word_1_56' title='bbox 1560 627 1726 682; x_wconf 90' lang='lat' dir='ltr'>patet,</span> <span class='ocrx_word' id='word_1_57' title='bbox 1762 622 1910 684; x_wconf 89' lang='lat' dir='ltr'>quod</span> 
     </span>
     <span class='ocr_line' id='line_1_11' title="bbox 230 694 1908 756; baseline 0.001 -13"><span class='ocrx_word' id='word_1_58' title='bbox 230 708 341 744; x_wconf 94' lang='lat' dir='ltr'>non</span> <span class='ocrx_word' id='word_1_59' title='bbox 375 700 724 745; x_wconf 90' lang='lat' dir='ltr'>convertatur</span> <span class='ocrx_word' id='word_1_60' title='bbox 759 695 813 743; x_wconf 92' lang='lat' dir='ltr'>in</span> <span class='ocrx_word' id='word_1_61' title='bbox 851 695 986 756; x_wconf 92' lang='lat' dir='ltr'>ipsis</span> <span class='ocrx_word' id='word_1_62' title='bbox 1023 694 1308 744; x_wconf 90' lang='lat' dir='ltr'>rationalis</span> <span class='ocrx_word' id='word_1_63' title='bbox 1343 696 1542 744; x_wconf 92' lang='lat' dir='ltr'>anima.</span> <span class='ocrx_word' id='word_1_64' title='bbox 1586 694 1798 746; x_wconf 86' lang='lat' dir='ltr'>Etenim</span> <span class='ocrx_word' id='word_1_65' title='bbox 1828 697 1908 746; x_wconf 92' lang='lat' dir='ltr'>in-</span> 
     </span>
     <span class='ocr_line' id='line_1_12' title="bbox 232 768 1914 830; baseline 0.001 -12"><span class='ocrx_word' id='word_1_66' title='bbox 232 770 564 818; x_wconf 90' lang='lat' dir='ltr'>conveniens</span> <span class='ocrx_word' id='word_1_67' title='bbox 589 774 671 818; x_wconf 93' lang='lat' dir='ltr'>est</span> <span class='ocrx_word' id='word_1_68' title='bbox 698 768 877 819; x_wconf 90' lang='lat' dir='ltr'>dicere</span> <span class='ocrx_word' id='word_1_69' title='bbox 902 768 1299 819; x_wconf 92' lang='lat' dir='ltr'>irrationabilia</span> <span class='ocrx_word' id='word_1_70' title='bbox 1323 769 1686 830; x_wconf 69' lang='lat' dir='ltr'>rationabilia.</span> <span class='ocrx_word' id='word_1_71' title='bbox 1713 768 1914 825; x_wconf 83' lang='lat' dir='ltr'>Quam-</span> 
     </span>
     <span class='ocr_line' id='line_1_13' title="bbox 231 842 1913 894; baseline 0.001 -2"><span class='ocrx_word' id='word_1_72' title='bbox 231 844 315 892; x_wconf 92' lang='lat' dir='ltr'>vis</span> <span class='ocrx_word' id='word_1_73' title='bbox 356 844 503 892; x_wconf 92' lang='lat' dir='ltr'>enim</span> <span class='ocrx_word' id='word_1_74' title='bbox 546 842 711 892; x_wconf 91' lang='lat' dir='ltr'>valde</span> <span class='ocrx_word' id='word_1_75' title='bbox 753 842 989 893; x_wconf 90' lang='lat' dir='ltr'>novellis</span> <span class='ocrx_word' id='word_1_76' title='bbox 1033 842 1337 893; x_wconf 89' lang='lat' dir='ltr'>infantibus</span> <span class='ocrx_word' id='word_1_77' title='bbox 1383 843 1535 893; x_wconf 92' lang='lat' dir='ltr'>solus</span> <span class='ocrx_word' id='word_1_78' title='bbox 1579 844 1913 894; x_wconf 90' lang='lat' dir='ltr'>irrationalis</span> 
     </span>
     <span class='ocr_line' id='line_1_14' title="bbox 231 917 1982 974; baseline 0.001 -8"><span class='ocrx_word' id='word_1_79' title='bbox 231 917 378 967; x_wconf 93' lang='lat' dir='ltr'>adsit</span> <span class='ocrx_word' id='word_1_80' title='bbox 437 923 636 974; x_wconf 91' lang='lat' dir='ltr'>motus,</span> <span class='ocrx_word' id='word_1_81' title='bbox 683 917 1007 967; x_wconf 91' lang='lat' dir='ltr'>rationalem</span> <span class='ocrx_word' id='word_1_82' title='bbox 1055 923 1238 967; x_wconf 90' lang='lat' dir='ltr'>tamen</span> <span class='ocrx_word' id='word_1_83' title='bbox 1283 919 1523 967; x_wconf 91' lang='lat' dir='ltr'>animam</span> <span class='ocrx_word' id='word_1_84' title='bbox 1569 931 1666 968; x_wconf 91' lang='lat' dir='ltr'>eos</span> <span class='ocrx_word' id='word_1_85' title='bbox 1711 918 1913 968; x_wconf 90' lang='lat' dir='ltr'>habere</span> <span class='ocrx_word' id='word_1_86' title='bbox 1939 925 1982 961; x_wconf 90' lang='lat'>1⁰</span> 
     </span>
     <span class='ocr_line' id='line_1_15' title="bbox 233 991 1966 1054; baseline 0.001 -14"><span class='ocrx_word' id='word_1_87' title='bbox 233 991 465 1041; x_wconf 89' lang='lat' dir='ltr'>dicimus</span> <span class='ocrx_word' id='word_1_88' title='bbox 491 1005 574 1049; x_wconf 93' lang='lat' dir='ltr'>eo,</span> <span class='ocrx_word' id='word_1_89' title='bbox 604 991 752 1053; x_wconf 89' lang='lat' dir='ltr'>quod</span> <span class='ocrx_word' id='word_1_90' title='bbox 781 998 1085 1042; x_wconf 91' lang='lat' dir='ltr'>crescentes</span> <span class='ocrx_word' id='word_1_91' title='bbox 1112 991 1435 1042; x_wconf 90' lang='lat' dir='ltr'>rationalem</span> <span class='ocrx_word' id='word_1_92' title='bbox 1465 991 1802 1054; x_wconf 87' lang='lat' dir='ltr'>patefaciant</span> <span class='ocrx_word' id='word_1_93' title='bbox 1828 1006 1914 1042; x_wconf 89' lang='lat' dir='ltr'>ac·</span> <span class='ocrx_word' id='word_1_94' title='bbox 1962 1010 1966 1014; x_wconf 76' lang='grc'>’</span> 
     </span>
     <span class='ocr_line' id='line_1_16' title="bbox 233 1065 1913 1117; baseline 0.001 -2"><span class='ocrx_word' id='word_1_95' title='bbox 233 1072 363 1115; x_wconf 90' lang='lat' dir='ltr'>turn.</span> <span class='ocrx_word' id='word_1_96' title='bbox 407 1065 515 1116; x_wconf 90' lang='lat' dir='ltr'>Sed</span> <span class='ocrx_word' id='word_1_97' title='bbox 549 1066 866 1116; x_wconf 90' lang='lat' dir='ltr'>irrationale</span> <span class='ocrx_word' id='word_1_98' title='bbox 898 1067 952 1115; x_wconf 91' lang='lat' dir='ltr'>in</span> <span class='ocrx_word' id='word_1_99' title='bbox 984 1065 1137 1115; x_wconf 92' lang='lat' dir='ltr'>nulla</span> <span class='ocrx_word' id='word_1_100' title='bbox 1169 1072 1348 1116; x_wconf 91' lang='lat' dir='ltr'>aetate</span> <span class='ocrx_word' id='word_1_101' title='bbox 1382 1066 1723 1117; x_wconf 90' lang='lat' dir='ltr'>demonstrat</span> <span class='ocrx_word' id='word_1_102' title='bbox 1750 1068 1913 1117; x_wconf 92' lang='lat' dir='ltr'>ratio-</span> 
     </span>
     <span class='ocr_line' id='line_1_17' title="bbox 231 1139 1911 1202; baseline 0.001 -14"><span class='ocrx_word' id='word_1_103' title='bbox 231 1140 412 1190; x_wconf 91' lang='lat' dir='ltr'>nalem</span> <span class='ocrx_word' id='word_1_104' title='bbox 455 1146 653 1190; x_wconf 89' lang='lat' dir='ltr'>actum.</span> <span class='ocrx_word' id='word_1_105' title='bbox 709 1139 1007 1202; x_wconf 86' lang='lat' dir='ltr'>Superfluo</span> <span class='ocrx_word' id='word_1_106' title='bbox 1052 1141 1218 1202; x_wconf 84' lang='lat' dir='ltr'>igitur</span> <span class='ocrx_word' id='word_1_107' title='bbox 1261 1140 1545 1191; x_wconf 88' lang='lat' dir='ltr'>habuisset</span> <span class='ocrx_word' id='word_1_108' title='bbox 1589 1140 1911 1192; x_wconf 89' lang='lat' dir='ltr'>rationalem</span> 
     </span>
     <span class='ocr_line' id='line_1_18' title="bbox 230 1213 1911 1265; baseline 0.001 -2"><span class='ocrx_word' id='word_1_109' title='bbox 230 1216 471 1264; x_wconf 91' lang='lat' dir='ltr'>animam</span> <span class='ocrx_word' id='word_1_110' title='bbox 513 1214 691 1264; x_wconf 90' lang='lat' dir='ltr'>inutili</span> <span class='ocrx_word' id='word_1_111' title='bbox 736 1215 961 1264; x_wconf 91' lang='lat' dir='ltr'>omnino</span> <span class='ocrx_word' id='word_1_112' title='bbox 1005 1214 1192 1264; x_wconf 87' lang='lat' dir='ltr'>futura</span> <span class='ocrx_word' id='word_1_113' title='bbox 1235 1214 1489 1264; x_wconf 91' lang='lat' dir='ltr'>rationali</span> <span class='ocrx_word' id='word_1_114' title='bbox 1532 1215 1749 1265; x_wconf 86' lang='lat' dir='ltr'>virtute.</span> <span class='ocrx_word' id='word_1_115' title='bbox 1803 1213 1911 1265; x_wconf 90' lang='lat' dir='ltr'>Sed</span> 
     </span>
     <span class='ocr_line' id='line_1_19' title="bbox 231 1287 1982 1350; baseline 0.001 -13"><span class='ocrx_word' id='word_1_116' title='bbox 231 1302 330 1338; x_wconf 93' lang='lat' dir='ltr'>nec</span> <span class='ocrx_word' id='word_1_117' title='bbox 352 1302 474 1338; x_wconf 93' lang='lat' dir='ltr'>cum</span> <span class='ocrx_word' id='word_1_118' title='bbox 498 1288 583 1338; x_wconf 89' lang='lat' dir='ltr'>his</span> <span class='ocrx_word' id='word_1_119' title='bbox 609 1288 954 1350; x_wconf 91' lang='lat' dir='ltr'>superfluum</span> <span class='ocrx_word' id='word_1_120' title='bbox 979 1302 1012 1337; x_wconf 91' lang='lat' dir='ltr'>a</span> <span class='ocrx_word' id='word_1_121' title='bbox 1036 1288 1141 1338; x_wconf 94' lang='lat' dir='ltr'>deo</span> <span class='ocrx_word' id='word_1_122' title='bbox 1165 1287 1372 1338; x_wconf 86' lang='lat' dir='ltr'>factum</span> <span class='ocrx_word' id='word_1_123' title='bbox 1391 1302 1513 1338; x_wconf 91' lang='lat' dir='ltr'>esse</span> <span class='ocrx_word' id='word_1_124' title='bbox 1538 1288 1700 1338; x_wconf 93' lang='lat' dir='ltr'>simul</span> <span class='ocrx_word' id='word_1_125' title='bbox 1721 1301 1912 1339; x_wconf 91' lang='lat' dir='ltr'>omnes</span> <span class='ocrx_word' id='word_1_126' title='bbox 1940 1295 1982 1330; x_wconf 83' lang='lat'>15</span> 
     </span>
     <span class='ocr_line' id='line_1_20' title="bbox 233 1362 1912 1425; baseline 0 -13"><span class='ocrx_word' id='word_1_127' title='bbox 233 1362 580 1413; x_wconf 91' lang='lat' dir='ltr'>confitentur.</span> <span class='ocrx_word' id='word_1_128' title='bbox 619 1362 675 1412; x_wconf 94' lang='lat' dir='ltr'>Si</span> <span class='ocrx_word' id='word_1_129' title='bbox 704 1368 888 1412; x_wconf 91' lang='lat' dir='ltr'>autem</span> <span class='ocrx_word' id='word_1_130' title='bbox 917 1363 1035 1420; x_wconf 90' lang='lat' dir='ltr'>hoc,</span> <span class='ocrx_word' id='word_1_131' title='bbox 1063 1363 1254 1413; x_wconf 91' lang='lat' dir='ltr'>bestiis</span> <span class='ocrx_word' id='word_1_132' title='bbox 1282 1368 1446 1425; x_wconf 90' lang='lat' dir='ltr'>atque</span> <span class='ocrx_word' id='word_1_133' title='bbox 1475 1362 1606 1413; x_wconf 91' lang='lat' dir='ltr'>feris</span> <span class='ocrx_word' id='word_1_134' title='bbox 1628 1362 1912 1414; x_wconf 90' lang='lat' dir='ltr'>rationalis</span> 
     </span>
     <span class='ocr_line' id='line_1_21' title="bbox 231 1436 1913 1499; baseline 0 -13"><span class='ocrx_word' id='word_1_135' title='bbox 231 1438 415 1486; x_wconf 92' lang='lat' dir='ltr'>anima</span> <span class='ocrx_word' id='word_1_136' title='bbox 444 1443 591 1487; x_wconf 92' lang='lat' dir='ltr'>esset</span> <span class='ocrx_word' id='word_1_137' title='bbox 621 1438 869 1486; x_wconf 91' lang='lat' dir='ltr'>immissa</span> <span class='ocrx_word' id='word_1_138' title='bbox 903 1436 1205 1499; x_wconf 87' lang='lat' dir='ltr'>superfluO,</span> <span class='ocrx_word' id='word_1_139' title='bbox 1236 1451 1517 1499; x_wconf 89' lang='lat' dir='ltr'>nunquam</span> <span class='ocrx_word' id='word_1_140' title='bbox 1548 1437 1740 1487; x_wconf 92' lang='lat' dir='ltr'>valens</span> <span class='ocrx_word' id='word_1_141' title='bbox 1771 1450 1913 1499; x_wconf 89' lang='lat' dir='ltr'>opus</span> 
     </span>
     <span class='ocr_line' id='line_1_22' title="bbox 234 1511 1914 1573; baseline -0.001 -12"><span class='ocrx_word' id='word_1_142' title='bbox 234 1525 395 1561; x_wconf 92' lang='lat' dir='ltr'>suum</span> <span class='ocrx_word' id='word_1_143' title='bbox 420 1511 814 1568; x_wconf 89' lang='lat' dir='ltr'>demonstrare,</span> <span class='ocrx_word' id='word_1_144' title='bbox 839 1518 893 1561; x_wconf 92' lang='lat' dir='ltr'>et</span> <span class='ocrx_word' id='word_1_145' title='bbox 917 1517 1063 1561; x_wconf 91' lang='lat' dir='ltr'>esset</span> <span class='ocrx_word' id='word_1_146' title='bbox 1087 1511 1440 1573; x_wconf 91' lang='lat' dir='ltr'>reprehensio</span> <span class='ocrx_word' id='word_1_147' title='bbox 1467 1511 1650 1561; x_wconf 90' lang='lat' dir='ltr'>dantis</span> <span class='ocrx_word' id='word_1_148' title='bbox 1673 1512 1914 1561; x_wconf 89' lang='lat' dir='ltr'>animam</span> 
     </span>
     <span class='ocr_line' id='line_1_23' title="bbox 233 1585 1914 1647; baseline -0.001 -12"><span class='ocrx_word' id='word_1_149' title='bbox 233 1599 344 1636; x_wconf 94' lang='lat' dir='ltr'>non</span> <span class='ocrx_word' id='word_1_150' title='bbox 378 1586 746 1636; x_wconf 91' lang='lat' dir='ltr'>necessariam</span> <span class='ocrx_word' id='word_1_151' title='bbox 784 1586 1024 1647; x_wconf 91' lang='lat' dir='ltr'>corpori;</span> <span class='ocrx_word' id='word_1_152' title='bbox 1061 1599 1161 1635; x_wconf 93' lang='lat' dir='ltr'>nec</span> <span class='ocrx_word' id='word_1_153' title='bbox 1194 1585 1424 1635; x_wconf 90' lang='lat' dir='ltr'>artificis</span> <span class='ocrx_word' id='word_1_154' title='bbox 1461 1599 1603 1647; x_wconf 91' lang='lat' dir='ltr'>opus</span> <span class='ocrx_word' id='word_1_155' title='bbox 1639 1599 1739 1636; x_wconf 92' lang='lat' dir='ltr'>nec</span> <span class='ocrx_word' id='word_1_156' title='bbox 1768 1585 1914 1635; x_wconf 90' lang='lat' dir='ltr'>ordi-</span> 
     </span>
    </p>
   </div>
   <div class='ocr_carea' id='block_1_6' title="bbox 119 1658 1982 1722">
    <p class='ocr_par' dir='ltr' id='par_1_6' title="bbox 119 1658 1982 1722">
     <span class='ocr_line' id='line_1_24' title="bbox 119 1658 1982 1722; baseline 0.002 -18"><span class='ocrx_word' id='word_1_157' title='bbox 119 1666 202 1705; x_wconf 85' lang='lat'>106</span> <span class='ocrx_word' id='word_1_158' title='bbox 233 1674 358 1710; x_wconf 90' lang='lat' dir='ltr'>nem</span> <span class='ocrx_word' id='word_1_159' title='bbox 380 1660 467 1710; x_wconf 93' lang='lat' dir='ltr'>vel</span> <span class='ocrx_word' id='word_1_160' title='bbox 491 1659 907 1722; x_wconf 90' lang='lat' dir='ltr'>adaptationem</span> <span class='ocrx_word' id='word_1_161' title='bbox 932 1661 1168 1709; x_wconf 91' lang='lat' dir='ltr'>scientis.</span> <span class='ocrx_word' id='word_1_162' title='bbox 1203 1658 1259 1709; x_wconf 92' lang='lat' dir='ltr'>Si</span> <span class='ocrx_word' id='word_1_163' title='bbox 1282 1672 1414 1709; x_wconf 91' lang='lat' dir='ltr'>vero</span> <span class='ocrx_word' id='word_1_164' title='bbox 1438 1660 1560 1721; x_wconf 89' lang='lat' dir='ltr'>quis</span> <span class='ocrx_word' id='word_1_165' title='bbox 1579 1659 1777 1709; x_wconf 88' lang='lat' dir='ltr'>dixerit</span> <span class='ocrx_word' id='word_1_166' title='bbox 1799 1673 1915 1709; x_wconf 89' lang='lat' dir='ltr'>mo·</span> <span class='ocrx_word' id='word_1_167' title='bbox 1939 1665 1982 1700; x_wconf 85' lang='lat'>2⁰</span> 
     </span>
    </p>
   </div>
   <div class='ocr_carea' id='block_1_7' title="bbox 225 1732 1982 2315">
    <p class='ocr_par' dir='ltr' id='par_1_7' title="bbox 231 1732 1982 2315">
     <span class='ocr_line' id='line_1_25' title="bbox 232 1732 1913 1798; baseline -0.001 -14"><span class='ocrx_word' id='word_1_168' title='bbox 232 1735 346 1784; x_wconf 92' lang='lat' dir='ltr'>veri</span> <span class='ocrx_word' id='word_1_169' title='bbox 379 1734 681 1784; x_wconf 91' lang='lat' dir='ltr'>secundum</span> <span class='ocrx_word' id='word_1_170' title='bbox 714 1734 1135 1796; x_wconf 90' lang='lat' dir='ltr'>dispositionem</span> <span class='ocrx_word' id='word_1_171' title='bbox 1168 1733 1609 1798; x_wconf 87' lang='lat' dir='ltr'>rationa[bi]liter</span> <span class='ocrx_word' id='word_1_172' title='bbox 1639 1732 1913 1790; x_wconf 90' lang='lat' dir='ltr'>animalia,</span> 
     </span>
     <span class='ocr_line' id='line_1_26' title="bbox 235 1804 1912 1892; baseline -0.001 -34"><span class='ocrx_word' id='word_1_173' title='bbox 235 1809 332 1858; x_wconf 92' lang='lat' dir='ltr'>sed</span> <span class='ocrx_word' id='word_1_174' title='bbox 389 1809 718 1871; x_wconf 81' lang='lat' dir='ltr'>figmentum</span> <span class='ocrx_word' id='word_1_175' title='bbox 775 1822 965 1858; x_wconf 91' lang='lat' dir='ltr'>eorum</span> <span class='ocrx_word' id='word_1_176' title='bbox 1007 1822 1117 1858; x_wconf 91' lang='lat' dir='ltr'>non</span> <span class='ocrx_word' id='word_1_177' title='bbox 1160 1822 1281 1858; x_wconf 93' lang='lat' dir='ltr'>esse</span> <span class='ocrx_word' id='word_1_178' title='bbox 1325 1804 1678 1877; x_wconf 86' lang='lat' dir='ltr'>susceptibile</span> <span class='ocrx_word' id='word_1_179' title='bbox 1720 1820 1912 1892; x_wconf 82' lang='lat' dir='ltr'>opera-</span> 
     </span>
     <span class='ocr_line' id='line_1_27' title="bbox 234 1882 1912 1944; baseline -0.001 -12"><span class='ocrx_word' id='word_1_180' title='bbox 234 1883 398 1933; x_wconf 89' lang='lat' dir='ltr'>tionis</span> <span class='ocrx_word' id='word_1_181' title='bbox 433 1883 768 1933; x_wconf 82' lang='lat' dir='ltr'>artificiosae</span> <span class='ocrx_word' id='word_1_182' title='bbox 805 1882 1035 1932; x_wconf 91' lang='lat' dir='ltr'>firmans</span> <span class='ocrx_word' id='word_1_183' title='bbox 1073 1882 1278 1932; x_wconf 90' lang='lat' dir='ltr'>dictum</span> <span class='ocrx_word' id='word_1_184' title='bbox 1314 1882 1383 1931; x_wconf 93' lang='lat' dir='ltr'>ab</span> <span class='ocrx_word' id='word_1_185' title='bbox 1418 1882 1749 1939; x_wconf 82' lang='lat' dir='ltr'>hominibuS‚</span> <span class='ocrx_word' id='word_1_186' title='bbox 1786 1882 1912 1944; x_wconf 88' lang='lat' dir='ltr'>quia</span> 
     </span>
     <span class='ocr_line' id='line_1_28' title="bbox 225 1950 1912 2020; baseline -0.001 -13.993"><span class='ocrx_word' id='word_1_187' title='bbox 225 1951 432 2006; x_wconf 83' lang='lat' dir='ltr'>‘excisis</span> <span class='ocrx_word' id='word_1_188' title='bbox 478 1957 611 2007; x_wconf 93' lang='lat' dir='ltr'>solis</span> <span class='ocrx_word' id='word_1_189' title='bbox 658 1957 846 2019; x_wconf 87' lang='lat' dir='ltr'>digitis</span> <span class='ocrx_word' id='word_1_190' title='bbox 892 1971 1154 2006; x_wconf 90' lang='lat' dir='ltr'>manuum</span> <span class='ocrx_word' id='word_1_191' title='bbox 1201 1950 1474 2020; x_wconf 90' lang='lat' dir='ltr'>plurimas</span> <span class='ocrx_word' id='word_1_192' title='bbox 1512 1962 1657 2006; x_wconf 90' lang='lat' dir='ltr'>artes</span> <span class='ocrx_word' id='word_1_193' title='bbox 1703 1955 1912 2018; x_wconf 88' lang='lat' dir='ltr'>disper-</span> 
     </span>
     <span class='ocr_line' id='line_1_29' title="bbox 234 2029 1982 2092; baseline -0.001 -13"><span class='ocrx_word' id='word_1_194' title='bbox 234 2031 381 2088; x_wconf 90' lang='lat' dir='ltr'>dant,</span> <span class='ocrx_word' id='word_1_195' title='bbox 404 2044 513 2080; x_wconf 91' lang='lat' dir='ltr'>non</span> <span class='ocrx_word' id='word_1_196' title='bbox 544 2031 735 2087; x_wconf 90' lang='lat' dir='ltr'>solvet,</span> <span class='ocrx_word' id='word_1_197' title='bbox 766 2031 914 2092; x_wconf 88' lang='lat' dir='ltr'>quod</span> <span class='ocrx_word' id='word_1_198' title='bbox 945 2032 1237 2092; x_wconf 86' lang='lat' dir='ltr'>quaeritur.</span> <span class='ocrx_word' id='word_1_199' title='bbox 1277 2030 1387 2080; x_wconf 91' lang='lat' dir='ltr'>Erit</span> <span class='ocrx_word' id='word_1_200' title='bbox 1409 2031 1555 2079; x_wconf 89' lang='lat' dir='ltr'>enirn</span> <span class='ocrx_word' id='word_1_201' title='bbox 1579 2031 1774 2080; x_wconf 92' lang='lat' dir='ltr'>iterum</span> <span class='ocrx_word' id='word_1_202' title='bbox 1802 2029 1908 2080; x_wconf 91' lang='lat' dir='ltr'>hoc</span> <span class='ocrx_word' id='word_1_203' title='bbox 1937 2034 1982 2068; x_wconf 60' lang='grc' dir='ltr'>ὅ</span> 
     </span>
     <span class='ocr_line' id='line_1_30' title="bbox 233 2104 1943 2165; baseline -0.001 -11"><span class='ocrx_word' id='word_1_204' title='bbox 233 2106 639 2161; x_wconf 88' lang='lat' dir='ltr'>inconveniens,</span> <span class='ocrx_word' id='word_1_205' title='bbox 683 2111 741 2154; x_wconf 92' lang='lat' dir='ltr'>ut</span> <span class='ocrx_word' id='word_1_206' title='bbox 799 2105 935 2154; x_wconf 94' lang='lat' dir='ltr'>deus</span> <span class='ocrx_word' id='word_1_207' title='bbox 991 2104 1237 2154; x_wconf 92' lang='lat' dir='ltr'>inutilem</span> <span class='ocrx_word' id='word_1_208' title='bbox 1294 2106 1533 2153; x_wconf 89' lang='lat' dir='ltr'>animam</span> <span class='ocrx_word' id='word_1_209' title='bbox 1589 2104 1943 2165; x_wconf 90' lang='lat' dir='ltr'>adaptasset</span> 
     </span>
     <span class='ocr_line' id='line_1_31' title="bbox 234 2178 1911 2241; baseline -0.001 -13"><span class='ocrx_word' id='word_1_210' title='bbox 234 2180 449 2241; x_wconf 90' lang='lat' dir='ltr'>corpori</span> <span class='ocrx_word' id='word_1_211' title='bbox 480 2185 536 2229; x_wconf 95' lang='lat' dir='ltr'>et</span> <span class='ocrx_word' id='word_1_212' title='bbox 570 2178 912 2241; x_wconf 82' lang='lat' dir='ltr'>superfluam</span> <span class='ocrx_word' id='word_1_213' title='bbox 946 2185 1000 2228; x_wconf 90' lang='lat' dir='ltr'>et</span> <span class='ocrx_word' id='word_1_214' title='bbox 1032 2180 1284 2236; x_wconf 88' lang='lat' dir='ltr'>otiosam,</span> <span class='ocrx_word' id='word_1_215' title='bbox 1318 2178 1639 2240; x_wconf 92' lang='lat' dir='ltr'>impeditam</span> <span class='ocrx_word' id='word_1_216' title='bbox 1674 2190 1771 2239; x_wconf 90' lang='lat' dir='ltr'>per</span> <span class='ocrx_word' id='word_1_217' title='bbox 1796 2190 1911 2226; x_wconf 91' lang='lat' dir='ltr'>om-</span> 
     </span>
     <span class='ocr_line' id='line_1_32' title="bbox 233 2251 1910 2315; baseline -0.001 -13"><span class='ocrx_word' id='word_1_218' title='bbox 233 2267 357 2303; x_wconf 91' lang='lat' dir='ltr'>nem</span> <span class='ocrx_word' id='word_1_219' title='bbox 382 2259 619 2304; x_wconf 77' lang='lat' dir='ltr'>ae&#39;tatem</span> <span class='ocrx_word' id='word_1_220' title='bbox 645 2253 717 2303; x_wconf 91' lang='lat' dir='ltr'>ad</span> <span class='ocrx_word' id='word_1_221' title='bbox 745 2254 1095 2315; x_wconf 91' lang='lat' dir='ltr'>operationes</span> <span class='ocrx_word' id='word_1_222' title='bbox 1122 2254 1399 2315; x_wconf 87' lang='lat' dir='ltr'>proprias;</span> <span class='ocrx_word' id='word_1_223' title='bbox 1425 2252 1495 2301; x_wconf 91' lang='lat' dir='ltr'>ad</span> <span class='ocrx_word' id='word_1_224' title='bbox 1521 2251 1626 2301; x_wconf 92' lang='lat' dir='ltr'>hoc</span> <span class='ocrx_word' id='word_1_225' title='bbox 1643 2252 1910 2301; x_wconf 91' lang='lat' dir='ltr'>rationem</span> 
     </span>
    </p>
   </div>
   <div class='ocr_carea' id='block_1_8' title="bbox 228 2399 1918 2982">
    <p class='ocr_par' dir='ltr' id='par_1_8' title="bbox 228 2399 1918 2982">
     <span class='ocr_line' id='line_1_33' title="bbox 304 2399 1915 2453; baseline -0.002 -11"><span class='ocrx_word' id='word_1_226' title='bbox 304 2402 330 2442; x_wconf 89' lang='grc'>3</span> <span class='ocrx_word' id='word_1_227' title='bbox 363 2403 449 2442; x_wconf 90' lang='lat' dir='ltr'>hac</span> <span class='ocrx_word' id='word_1_228' title='bbox 469 2403 503 2442; x_wconf 87' lang='lat' dir='ltr'><strong><em>A</em></strong></span> <span class='ocrx_word' id='word_1_229' title='bbox 568 2403 854 2442; x_wconf 87' lang='lat' dir='ltr'>rationalium</span> <span class='ocrx_word' id='word_1_230' title='bbox 878 2403 918 2442; x_wconf 91' lang='grc' dir='ltr'><em>Ρ</em></span> <span class='ocrx_word' id='word_1_231' title='bbox 1037 2402 1063 2442; x_wconf 88' lang='grc'><strong>4</strong></span> <span class='ocrx_word' id='word_1_232' title='bbox 1096 2401 1478 2453; x_wconf 78' lang='lat' dir='ltr'>irrationabilibus</span> <span class='ocrx_word' id='word_1_233' title='bbox 1501 2401 1539 2441; x_wconf 90' lang='lat' dir='ltr'><em>B</em></span> <span class='ocrx_word' id='word_1_234' title='bbox 1570 2399 1915 2440; x_wconf 85' lang='lat' dir='ltr'>rationabilibus</span> 
     </span>
     <span class='ocr_line' id='line_1_34' title="bbox 228 2457 1854 2511; baseline -0.001 -11"><span class='ocrx_word' id='word_1_235' title='bbox 228 2461 309 2501; x_wconf 94' lang='lat' dir='ltr'>PA</span> <span class='ocrx_word' id='word_1_236' title='bbox 418 2462 443 2501; x_wconf 90' lang='lat'>5</span> <span class='ocrx_word' id='word_1_237' title='bbox 476 2472 562 2503; x_wconf 91' lang='lat' dir='ltr'>nec</span> <span class='ocrx_word' id='word_1_238' title='bbox 586 2462 712 2503; x_wconf 89' lang='lat' dir='ltr'>aliud</span> <span class='ocrx_word' id='word_1_239' title='bbox 737 2462 863 2511; x_wconf 88' lang='lat' dir='ltr'>quod</span> <span class='ocrx_word' id='word_1_240' title='bbox 886 2461 920 2502; x_wconf 93' lang='lat' dir='ltr'><strong><em>A</em></strong></span> <span class='ocrx_word' id='word_1_241' title='bbox 955 2472 1014 2501; x_wconf 90' lang='lat' dir='ltr'>ne</span> <span class='ocrx_word' id='word_1_242' title='bbox 1039 2462 1163 2502; x_wconf 89' lang='lat' dir='ltr'>aliud</span> <span class='ocrx_word' id='word_1_243' title='bbox 1187 2461 1298 2511; x_wconf 92' lang='lat' dir='ltr'>quid</span> <span class='ocrx_word' id='word_1_244' title='bbox 1321 2461 1360 2500; x_wconf 87' lang='lat' dir='ltr'><em>P</em></span> <span class='ocrx_word' id='word_1_245' title='bbox 1466 2459 1490 2499; x_wconf 92' lang='grc'><strong>7</strong></span> <span class='ocrx_word' id='word_1_246' title='bbox 1523 2459 1797 2500; x_wconf 87' lang='lat' dir='ltr'>convertitur</span> <span class='ocrx_word' id='word_1_247' title='bbox 1821 2457 1854 2499; x_wconf 92' lang='lat' dir='ltr'><strong><em>A</em></strong></span> 
     </span>
     <span class='ocr_line' id='line_1_35' title="bbox 230 2517 1914 2571; baseline -0.002 -11"><span class='ocrx_word' id='word_1_248' title='bbox 230 2519 256 2559; x_wconf 92' lang='grc'><strong>8</strong></span> <span class='ocrx_word' id='word_1_249' title='bbox 289 2524 358 2560; x_wconf 91' lang='lat' dir='ltr'>est</span> <span class='ocrx_word' id='word_1_250' title='bbox 389 2532 478 2562; x_wconf 91' lang='lat' dir='ltr'>om.</span> <span class='ocrx_word' id='word_1_251' title='bbox 503 2521 541 2561; x_wconf 89' lang='grc' dir='ltr'><em>Β</em></span> <span class='ocrx_word' id='word_1_252' title='bbox 602 2521 840 2561; x_wconf 88' lang='lat' dir='ltr'>rationalia</span> <span class='ocrx_word' id='word_1_253' title='bbox 863 2521 902 2561; x_wconf 92' lang='grc' dir='ltr'><em>Ρ</em></span> <span class='ocrx_word' id='word_1_254' title='bbox 994 2521 1047 2560; x_wconf 90' lang='grc'>10</span> <span class='ocrx_word' id='word_1_255' title='bbox 1080 2532 1163 2561; x_wconf 91' lang='lat' dir='ltr'>eos</span> <span class='ocrx_word' id='word_1_256' title='bbox 1191 2522 1304 2571; x_wconf 82' lang='lat' dir='ltr'>post</span> <span class='ocrx_word' id='word_1_257' title='bbox 1328 2520 1414 2560; x_wconf 90' lang='lat' dir='ltr'>dic.</span> <span class='ocrx_word' id='word_1_258' title='bbox 1434 2530 1547 2569; x_wconf 84' lang='lat' dir='ltr'>pon.</span> <span class='ocrx_word' id='word_1_259' title='bbox 1572 2517 1606 2558; x_wconf 98' lang='lat' dir='ltr'><strong><em>A</em></strong></span> <span class='ocrx_word' id='word_1_260' title='bbox 1701 2517 1751 2557; x_wconf 95' lang='lat'>11</span> <span class='ocrx_word' id='word_1_261' title='bbox 1789 2519 1914 2566; x_wconf 77' lang='lat' dir='ltr'>pate-</span> 
     </span>
     <span class='ocr_line' id='line_1_36' title="bbox 231 2575 1855 2620; baseline -0.001 -3"><span class='ocrx_word' id='word_1_262' title='bbox 231 2579 401 2619; x_wconf 79' lang='lat' dir='ltr'>faciunt</span> <span class='ocrx_word' id='word_1_263' title='bbox 431 2579 514 2620; x_wconf 88' lang='lat' dir='ltr'><strong><em>AB</em></strong></span> <span class='ocrx_word' id='word_1_264' title='bbox 637 2580 691 2620; x_wconf 89' lang='lat'>12</span> <span class='ocrx_word' id='word_1_265' title='bbox 724 2579 816 2620; x_wconf 89' lang='lat' dir='ltr'>Sed</span> <span class='ocrx_word' id='word_1_266' title='bbox 840 2600 896 2606; x_wconf 93' lang='lat'>—</span> <span class='ocrx_word' id='word_1_267' title='bbox 925 2579 978 2620; x_wconf 91' lang='grc'>13</span> <span class='ocrx_word' id='word_1_268' title='bbox 1011 2584 1160 2620; x_wconf 90' lang='lat' dir='ltr'>actum</span> <span class='ocrx_word' id='word_1_269' title='bbox 1193 2591 1281 2619; x_wconf 88' lang='lat' dir='ltr'>om.</span> <span class='ocrx_word' id='word_1_270' title='bbox 1306 2579 1343 2618; x_wconf 91' lang='lat' dir='ltr'><strong><em>B</em></strong></span> <span class='ocrx_word' id='word_1_271' title='bbox 1465 2577 1518 2617; x_wconf 91' lang='lat'>12</span> <span class='ocrx_word' id='word_1_272' title='bbox 1550 2576 1792 2616; x_wconf 86' lang='lat' dir='ltr'>irrational&#39;</span> <span class='ocrx_word' id='word_1_273' title='bbox 1819 2575 1855 2616; x_wconf 90' lang='lat' dir='ltr'><strong><em>A</em></strong></span> 
     </span>
     <span class='ocr_line' id='line_1_37' title="bbox 231 2635 1914 2690; baseline -0.002 -13"><span class='ocrx_word' id='word_1_274' title='bbox 231 2642 450 2678; x_wconf 89' lang='lat' dir='ltr'>monstrat</span> <span class='ocrx_word' id='word_1_275' title='bbox 480 2638 514 2678; x_wconf 93' lang='lat' dir='ltr'><strong><em>A</em></strong></span> <span class='ocrx_word' id='word_1_276' title='bbox 633 2639 686 2679; x_wconf 90' lang='grc'>13</span> <span class='ocrx_word' id='word_1_277' title='bbox 720 2640 824 2679; x_wconf 87' lang='lat' dir='ltr'>hab.</span> <span class='ocrx_word' id='word_1_278' title='bbox 854 2642 967 2690; x_wconf 83' lang='lat' dir='ltr'>post</span> <span class='ocrx_word' id='word_1_279' title='bbox 998 2650 1071 2680; x_wconf 90' lang='lat' dir='ltr'>an.</span> <span class='ocrx_word' id='word_1_280' title='bbox 1093 2650 1204 2690; x_wconf 80' lang='lat' dir='ltr'>pon.</span> <span class='ocrx_word' id='word_1_281' title='bbox 1229 2638 1262 2678; x_wconf 94' lang='lat' dir='ltr'><strong><em>A</em></strong></span> <span class='ocrx_word' id='word_1_282' title='bbox 1374 2636 1427 2676; x_wconf 90' lang='lat'>15</span> <span class='ocrx_word' id='word_1_283' title='bbox 1459 2646 1546 2677; x_wconf 90' lang='lat' dir='ltr'>nec</span> <span class='ocrx_word' id='word_1_284' title='bbox 1577 2647 1666 2676; x_wconf 91' lang='lat' dir='ltr'>om.</span> <span class='ocrx_word' id='word_1_285' title='bbox 1698 2635 1736 2676; x_wconf 98' lang='grc' dir='ltr'><strong><em>Β</em></strong></span> <span class='ocrx_word' id='word_1_286' title='bbox 1795 2635 1914 2675; x_wconf 83' lang='lat' dir='ltr'>sim.</span> 
     </span>
     <span class='ocr_line' id='line_1_38' title="bbox 231 2694 1918 2748; baseline -0.001 -13"><span class='ocrx_word' id='word_1_287' title='bbox 231 2707 320 2737; x_wconf 89' lang='lat' dir='ltr'>om.</span> <span class='ocrx_word' id='word_1_288' title='bbox 354 2699 535 2748; x_wconf 79' lang='lat' dir='ltr'>transp.</span> <span class='ocrx_word' id='word_1_289' title='bbox 567 2698 604 2739; x_wconf 91' lang='grc' dir='ltr'><em>Β</em></span> <span class='ocrx_word' id='word_1_290' title='bbox 817 2698 870 2738; x_wconf 90' lang='grc'>16</span> <span class='ocrx_word' id='word_1_291' title='bbox 914 2699 1002 2738; x_wconf 92' lang='lat' dir='ltr'>hoc</span> <span class='ocrx_word' id='word_1_292' title='bbox 1041 2710 1132 2738; x_wconf 88' lang='lat' dir='ltr'>om.</span> <span class='ocrx_word' id='word_1_293' title='bbox 1162 2698 1200 2739; x_wconf 88' lang='grc' dir='ltr'><em>Β</em></span> <span class='ocrx_word' id='word_1_294' title='bbox 1403 2695 1454 2735; x_wconf 88' lang='grc'>17</span> <span class='ocrx_word' id='word_1_295' title='bbox 1499 2699 1622 2735; x_wconf 89' lang='lat' dir='ltr'>esset</span> <span class='ocrx_word' id='word_1_296' title='bbox 1659 2695 1849 2734; x_wconf 87' lang='lat' dir='ltr'>inmissa</span> <span class='ocrx_word' id='word_1_297' title='bbox 1878 2694 1918 2733; x_wconf 93' lang='lat' dir='ltr'><em>P</em></span> 
     </span>
     <span class='ocr_line' id='line_1_39' title="bbox 231 2751 1854 2806; baseline -0.001 -12"><span class='ocrx_word' id='word_1_298' title='bbox 231 2757 414 2806; x_wconf 82' lang='lat' dir='ltr'>transp.</span> <span class='ocrx_word' id='word_1_299' title='bbox 445 2757 483 2798; x_wconf 90' lang='grc' dir='ltr'><strong><em>Β</em></strong></span> <span class='ocrx_word' id='word_1_300' title='bbox 522 2758 658 2797; x_wconf 89' lang='lat' dir='ltr'>etiam</span> <span class='ocrx_word' id='word_1_301' title='bbox 689 2755 848 2797; x_wconf 78' lang='lat' dir='ltr'>imissa</span> <span class='ocrx_word' id='word_1_302' title='bbox 878 2757 912 2797; x_wconf 94' lang='lat' dir='ltr'><strong><em>A</em></strong></span> <span class='ocrx_word' id='word_1_303' title='bbox 1069 2757 1123 2797; x_wconf 88' lang='grc'>18</span> <span class='ocrx_word' id='word_1_304' title='bbox 1155 2759 1200 2797; x_wconf 90' lang='lat' dir='ltr'>et</span> <span class='ocrx_word' id='word_1_305' title='bbox 1230 2767 1319 2796; x_wconf 89' lang='lat' dir='ltr'>om.</span> <span class='ocrx_word' id='word_1_306' title='bbox 1350 2755 1389 2795; x_wconf 91' lang='grc' dir='ltr'><em>Β</em></span> <span class='ocrx_word' id='word_1_307' title='bbox 1455 2751 1617 2802; x_wconf 80' lang='lat' dir='ltr'>·esset]</span> <span class='ocrx_word' id='word_1_308' title='bbox 1651 2754 1787 2794; x_wconf 82' lang='lat' dir='ltr'>etiam</span> <span class='ocrx_word' id='word_1_309' title='bbox 1818 2751 1854 2792; x_wconf 85' lang='lat' dir='ltr'><strong><em>A</em></strong></span> 
     </span>
     <span class='ocr_line' id='line_1_40' title="bbox 232 2811 1916 2867; baseline -0.001 -15"><span class='ocrx_word' id='word_1_310' title='bbox 232 2813 287 2852; x_wconf 90' lang='grc'>20</span> <span class='ocrx_word' id='word_1_311' title='bbox 320 2814 615 2862; x_wconf 87' lang='lat' dir='ltr'>adaptionem</span> <span class='ocrx_word' id='word_1_312' title='bbox 646 2816 681 2856; x_wconf 93' lang='lat' dir='ltr'><strong><em>A</em></strong></span> <span class='ocrx_word' id='word_1_313' title='bbox 755 2827 874 2858; x_wconf 90' lang='lat' dir='ltr'>mov.</span> <span class='ocrx_word' id='word_1_314' title='bbox 903 2819 1016 2867; x_wconf 81' lang='lat' dir='ltr'>post</span> <span class='ocrx_word' id='word_1_315' title='bbox 1047 2817 1164 2864; x_wconf 86' lang='lat' dir='ltr'>disp.</span> <span class='ocrx_word' id='word_1_316' title='bbox 1193 2825 1305 2865; x_wconf 80' lang='lat' dir='ltr'>pon.</span> <span class='ocrx_word' id='word_1_317' title='bbox 1335 2815 1370 2854; x_wconf 91' lang='lat' dir='ltr'><strong><em>A</em></strong></span> <span class='ocrx_word' id='word_1_318' title='bbox 1554 2813 1605 2853; x_wconf 89' lang='grc'>21</span> <span class='ocrx_word' id='word_1_319' title='bbox 1641 2811 1916 2852; x_wconf 86' lang='lat' dir='ltr'>rationaliter</span> 
     </span>
     <span class='ocr_line' id='line_1_41' title="bbox 231 2870 1856 2922; baseline -0.001 -11"><span class='ocrx_word' id='word_1_320' title='bbox 231 2883 317 2922; x_wconf 70' lang='lat' dir='ltr'>eqo</span> <span class='ocrx_word' id='word_1_321' title='bbox 350 2874 677 2915; x_wconf 87' lang='lat' dir='ltr'>rationabiliter</span> <span class='ocrx_word' id='word_1_322' title='bbox 707 2875 837 2916; x_wconf 86' lang='lat' dir='ltr'>PAR</span> <span class='ocrx_word' id='word_1_323' title='bbox 997 2875 1053 2915; x_wconf 92' lang='lat'>25</span> <span class='ocrx_word' id='word_1_324' title='bbox 1086 2876 1244 2917; x_wconf 84' lang='lat' dir='ltr'>iterum</span> <span class='ocrx_word' id='word_1_325' title='bbox 1278 2873 1366 2913; x_wconf 86' lang='lat' dir='ltr'>hoc</span> <span class='ocrx_word' id='word_1_326' title='bbox 1398 2872 1478 2912; x_wconf 94' lang='lat' dir='ltr'>PA</span> <span class='ocrx_word' id='word_1_327' title='bbox 1514 2873 1602 2912; x_wconf 94' lang='lat' dir='ltr'>hoc</span> <span class='ocrx_word' id='word_1_328' title='bbox 1633 2881 1788 2911; x_wconf 86' lang='lat' dir='ltr'>verum</span> <span class='ocrx_word' id='word_1_329' title='bbox 1818 2870 1856 2910; x_wconf 91' lang='grc' dir='ltr'><strong><em>Β</em></strong></span> 
     </span>
     <span class='ocr_line' id='line_1_42' title="bbox 233 2930 1249 2982; baseline 0.002 -12"><span class='ocrx_word' id='word_1_330' title='bbox 233 2931 287 2970; x_wconf 89' lang='grc'>27</span> <span class='ocrx_word' id='word_1_331' title='bbox 322 2934 433 2972; x_wconf 83' lang='lat' dir='ltr'>ante</span> <span class='ocrx_word' id='word_1_332' title='bbox 466 2933 668 2981; x_wconf 88' lang='lat' dir='ltr'>impedit.</span> <span class='ocrx_word' id='word_1_333' title='bbox 701 2935 812 2974; x_wconf 85' lang='lat' dir='ltr'>add.</span> <span class='ocrx_word' id='word_1_334' title='bbox 848 2935 896 2974; x_wconf 75' lang='lat' dir='ltr'>.i.-</span> <span class='ocrx_word' id='word_1_335' title='bbox 923 2931 998 2982; x_wconf 86' lang='lat'>(=</span> <span class='ocrx_word' id='word_1_336' title='bbox 1018 2935 1063 2973; x_wconf 91' lang='lat' dir='ltr'>id</span> <span class='ocrx_word' id='word_1_337' title='bbox 1096 2930 1183 2982; x_wconf 87' lang='lat' dir='ltr'>est)</span> <span class='ocrx_word' id='word_1_338' title='bbox 1215 2933 1249 2973; x_wconf 92' lang='lat' dir='ltr'><strong><em>A</em></strong></span> 
     </span>
    </p>
   </div>
  </div>
 </body>
</html>
