1982 3172
180 92 282 141 136
542 85 798 131 NEMESII
832 85 1147 132 PREMNON
1180 86 1503 134 PHYSICON

176 223 429 274 bulantes
475 229 700 286 propter
748 224 980 274 eandem
1031 239 1269 283 causam,
1319 232 1544 288 propter
1591 241 1756 290 quarn
1801 233 1854 279 et

174 296 491 348 anhelitum.
539 297 610 347 Ut
650 297 815 360 igitur
852 298 933 347 ire
969 298 1207 348 animale
1244 304 1342 356 est,
1381 300 1460 350 sic
1491 305 1546 350 et
1579 300 1851 351 anhelare.

111 379 139 419 ’4
172 370 280 421 Sed
318 372 660 434 quiescentes
698 377 753 422 et
788 386 898 422 non
937 378 1144 430 euntes,
1183 387 1279 435 per
1317 373 1550 424 multum
1586 375 1850 437 temporis

171 447 358 496 vivere
403 460 726 508 possumus;
773 446 1074 497 anhelitum
1118 461 1251 498 vero
1297 461 1398 498 nec
1442 462 1538 510 per
1583 448 1848 500 decimam

174 519 342 571 horae
371 526 582 583 partem
616 521 848 571 retinere
877 520 1143 571 valemus.
1187 520 1482 573 Offocatus
1514 523 1658 572 enim
1690 523 1852 581 calor,
1902 539 1925 573 5

177 595 267 656 qui
289 595 343 643 in
370 595 530 644 nobis
556 600 653 652 est,
681 595 750 644 ab
778 601 934 646 aestu
959 596 1299 658 extinguitur
1319 601 1372 646 et
1396 596 1686 647 confestim
1711 611 1855 648 mor-

64 732 69 735 *
118 679 142 717 5
174 675 284 719 tem
320 668 543 720 inducit.
593 668 805 720 Etenim
844 670 889 720 si
928 669 1212 720 flammam
1252 670 1374 732 quis
1412 671 1689 733 operuerit
1722 685 1854 722 vase

175 743 362 805 aliquo
388 743 795 794 exhalationem
826 758 935 794 non
964 744 1215 802 habente,
1245 745 1530 807 extinguet
1558 759 1679 796 eam
1709 745 1856 796 offo-

119 827 145 866 6
178 831 307 867 cans
327 818 381 866 in
407 817 643 868 lucerna.
678 818 908 881 Propter
933 818 1075 868 hanc
1098 819 1264 882 igitur
1287 819 1670 870 necessitatem
1690 820 1855 870 etiam
1978 883 1982 885 4

178 891 577 942 dormientibus
633 893 793 943 nobis
850 892 1208 943 nihilominus
1251 899 1511 956 operatur
1554 893 1855 944 secundum
1887 908 1928 944 ιο

178 966 317 1016 hanc
351 972 563 1029 partem
603 968 787 1017 anima
825 968 1017 1025 sciens
1059 967 1223 1030 quod,
1263 968 1308 1017 si
1345 967 1434 1018 vel
1470 967 1541 1017 ad
1575 967 1853 1018 modicum

121 1050 143 1089 7
180 1040 455 1098 defecerit,
487 1042 828 1092 interimatur
863 1041 1082 1092 animal.
1127 1041 1326 1092 Iterum
1362 1047 1546 1092 autem
1578 1042 1635 1092 in
1667 1042 1771 1092 hac
1799 1056 1856 1092 re

177 1115 401 1164 animali
442 1115 790 1178 complexum
833 1121 915 1166 est
953 1116 1218 1166 naturale.
1270 1116 1371 1165 Per
1411 1116 1666 1167 arteriam
1706 1130 1857 1166 nam·

180 1203 283 1251 que
324 1189 456 1240 facit
499 1204 640 1252 opus
682 1190 971 1247 anhelituS,
1015 1203 1284 1252 organum
1326 1189 1575 1240 naturale
1616 1190 1858 1241 existens

179 1270 232 1315 et
268 1278 487 1327 semper
521 1265 805 1322 motivum,
844 1279 912 1315 ne
951 1265 1251 1328 aliquando
1291 1264 1514 1316 deficiat
1550 1279 1692 1327 opus
1725 1266 1858 1323 eius,
1888 1278 1931 1314 15

181 1343 239 1388 ut
277 1352 378 1389 nec
419 1338 650 1398 aliarum
691 1339 1029 1389 arteriarum.
1081 1338 1240 1390 Unde
1283 1338 1506 1401 quidam
1546 1338 1653 1389 hoc
1688 1343 1861 1390 atten-
1933 1398 1937 1401 ,

123 1422 149 1462 8
183 1412 374 1463 dentes
410 1412 716 1464 naturalem
757 1426 877 1463 esse
916 1418 1249 1475 putaverunt
1287 1412 1603 1463 anhelitum.
1728 1411 1860 1464 Tres

182 1492 365 1538 autem
410 1492 536 1538 sunt
580 1487 854 1538 anhelitus
899 1501 1121 1537 causae:
1174 1490 1396 1549 utilitaS,
1440 1491 1630 1549 virtus,
1675 1492 1865 1541 instru-

123 1571 149 1611 9
180 1567 379 1612 menta.
445 1561 667 1612 Utilitas
723 1575 855 1612 vero
900 1561 1106 1624 duplex
1148 1566 1255 1612 est:
1298 1574 1397 1622 pro
1442 1561 1859 1613 conservatione

180 1629 400 1698 quidem
427 1641 510 1686 est
539 1635 806 1686 naturalis
838 1635 1034 1686 caloris
1064 1641 1118 1686 et
1149 1649 1248 1697 pro
1277 1635 1610 1685 nutrimento
1637 1639 1857 1686 natura·
1885 1650 1930 1685 20
1978 1634 1981 1636 ’

94 1720 147 1760 10
179 1704 245 1760 Ιίε
273 1710 512 1773 spiritus.
555 1709 663 1761 Sed
695 1710 1040 1760 conservatio
1074 1709 1294 1772 quidem
1327 1709 1524 1759 caloris
1555 1708 1856 1759 secundum

175 1791 430 1835 naturam
459 1798 555 1847 per
587 1784 1003 1846 inspirationem
1034 1789 1088 1834 et
1121 1783 1549 1846 exspirationem
1583 1783 1855 1834 consistit:

180 1873 276 1922 per
302 1859 718 1922 inspirationem
752 1858 973 1920 quidem
1003 1857 1397 1920 infrigdantem
1427 1862 1482 1908 et
1511 1857 1858 1908 mediocriter

178 1933 535 1984 ventilantem
566 1932 827 1990 calorem;
860 1946 955 1995 per
984 1932 1414 1994 exspirationem
1446 1945 1578 1982 vero
1609 1931 1858 1983 emitten-

95 2017 142 2057 11
178 2014 303 2066 tem,
362 2007 511 2070 quod
571 2007 852 2058 fumosum
896 2012 978 2057 est
1023 2006 1218 2057 cordis.
1274 2005 1680 2057 Nutrimentum
1721 2019 1855 2056 vero
1882 2020 1928 2055 25

179 2082 432 2132 animalis
468 2082 694 2144 spiritus
733 2081 799 2131 fit
835 2095 932 2143 per
970 2081 1149 2131 solum
1186 2080 1503 2131 anhelitum.
1548 2079 1856 2131 Attrahitur

178 2162 322 2211 enim
357 2160 631 2223 quaedam
667 2157 808 2207 aeris
848 2171 975 2218 pars
1013 2170 1108 2218 per
1145 2155 1555 2207 sublevationes
1590 2155 1771 2206 cordis
1802 2155 1857 2205 in

254 2322 272 2362 1
307 2324 420 2372 post
451 2315 656 2371 propter¹
688 2322 798 2362 add.
833 2332 912 2370 per
944 2322 983 2362 P
1086 2313 1292 2370 propter'
1322 2320 1362 2360 D
1397 2330 1476 2369 per
1507 2319 1546 2359 P
1693 2318 1720 2358 2
1748 2321 1862 2369 post

176 2382 242 2422 sic
275 2384 320 2422 et
351 2383 462 2422 add.
496 2381 694 2422 animale
727 2384 796 2422 est
827 2381 865 2421 Β
985 2380 1010 2420 3
1045 2380 1136 2420 Sed
1160 2387 1188 2418 *
1214 2376 1263 2428 (ᾗ
1282 2395 1336 2410 =
1355 2389 1450 2419 non
1482 2389 1601 2419 eras.
1627 2374 1738 2427 vid.)
1762 2378 1803 2418 P

177 2445 222 2481 et
254 2452 349 2481 non
381 2441 427 2480 M
460 2452 555 2481 non
587 2443 739 2481 autem
763 2441 801 2481 Β
892 2439 918 2478 4
950 2440 1102 2480 vivere
1134 2439 1181 2479 M
1213 2439 1449 2489 quiescere
1472 2437 1510 2478 Β
1568 2447 1676 2478 vero
1709 2448 1797 2477 om.
1822 2437 1860 2478 Β

237 2501 261 2539 5
296 2500 555 2540 Sutfocatus
586 2500 621 2540 A
775 2500 801 2540 8
834 2499 1094 2540 exalatione
1125 2499 1164 2539 P
1260 2497 1493 2538 suffocans
1524 2496 1559 2536 A
1711 2496 1738 2535 9
1770 2496 1859 2537 hoc

176 2554 235 2599 Ρ1
267 2571 384 2600 corr.
416 2552 477 2599 12²
601 2558 650 2598 11
687 2559 805 2599 scies
840 2557 877 2599 C
998 2558 1051 2598 12
1083 2558 1393 2598 interminatur
1426 2549 1482 2597 C¹
1514 2566 1543 2595 n
1572 2557 1747 2605 poster.
1779 2556 1858 2596 de-

176 2620 268 2659 leto
302 2620 452 2659 voluit
482 2619 760 2659 interimatur
794 2611 852 2659 0²
1063 2617 1116 2657 13
1149 2617 1405 2657 arteriarum
1438 2615 1673 2664 namquod
1702 2614 1738 2654 A

180 2678 231 2717 15
267 2680 437 2718 motum
462 2677 534 2718 Ηο
560 2673 668 2728 (By)
793 2677 846 2717 16
878 2677 967 2716 hoc
999 2676 1169 2717 attend.
1196 2678 1375 2725 transp.
1403 2672 1440 2715 C
1469 2683 1563 2713 non
1592 2673 1761 2714 attend.
1785 2673 1858 2714 Ho

239 2736 290 2776 17
325 2747 428 2777 esse
462 2739 554 2785 put.
583 2737 816 2787 transp.A
927 2735 982 2776 20
1015 2738 1085 2776 est
1116 2735 1256 2776 om.A
1378 2731 1547 2772 20—21
1584 2734 1630 2773 et
1655 2752 1708 2759 —
1735 2732 1857 2773 calo-

178 2796 235 2835 ris
270 2797 315 2835 in
350 2807 498 2845 mary.
524 2797 677 2846 suppl.
704 2789 764 2836 P¹
795 2797 849 2836 nt
879 2796 970 2836 vid.
1093 2793 1266 2834 21—22
1299 2791 1460 2833 caloris
1492 2792 1743 2832 secundum
1776 2802 1857 2831 na-

178 2858 319 2894 turam
352 2855 391 2894 P
432 2855 646 2895 naturalis
679 2855 841 2895 caloris
874 2854 914 2894 D
1037 2854 1092 2894 23
1124 2852 1461 2903 infrigidantem
1494 2851 1532 2891 B
1652 2850 1706 2890 27
1740 2849 1856 2891 aeris

179 2925 281 2963 pars
315 2915 496 2963 transl).
529 2913 563 2954 A
685 2913 1016 2954 sublevationis
1051 2912 1088 2955 C
