1982 3172
270 120 370 168 102
630 113 886 159 NEMESII
920 113 1236 159 PREMNON
1269 113 1592 161 PHYSICON

262 255 440 299 turam
471 264 583 300 non
621 249 1028 312 impeditorum,
1066 255 1124 300 ut
1162 250 1613 312 complecteretur
1649 250 1939 302 delectatio

260 324 683 386 prosperitatem
713 329 766 374 et
798 324 849 374 ei
883 324 1222 382 coexisteret,
1258 324 1356 375 sed
1391 325 1729 388 prosperitas
1763 324 1940 376 delec-

169 406 223 447 25
257 399 392 449 tatio
422 412 533 448 non
568 404 728 448 esset.
851 398 974 448 Non
1010 398 1189 448 omnis
1224 404 1407 449 autem
1440 404 1595 450 actus
1625 405 1809 451 motus
1838 405 1936 458 est,

257 474 354 525 sed
380 473 603 535 quidam
632 479 787 524 actus
802 480 885 524 est
901 476 1015 524 sine
1031 481 1200 532 motu,
1229 474 1531 534 secundum
1548 489 1709 537 quem
1725 476 1935 538 primus

255 552 516 609 operatus
550 552 632 597 est
670 546 821 597 deus.
870 546 1046 608 Quod
1068 547 1214 597 enim
1252 547 1428 608 primo
1464 553 1674 598 motum
1707 555 1806 606 est,
1837 548 1935 598 im-

253 620 456 671 mobile
488 627 618 671 erat.
666 620 815 671 Talis
848 634 982 671 vero
1017 627 1102 672 est
1136 621 1300 672 etiam
1336 627 1490 672 actus
1524 621 1932 684 contemplandi

253 695 306 744 in
333 695 674 745 hominibus:
707 695 823 746 sine
854 700 1023 746 motu.
1066 694 1278 746 Etenim
1311 695 1733 759 contemplabile
1763 710 1933 746 unum

251 775 303 820 et
323 769 470 819 idem
497 774 580 820 est
605 783 821 832 semper
846 775 900 820 et
924 783 1079 820 mens
1107 769 1529 832 contemplantis
1550 775 1743 822 exstat.
1778 769 1933 821 Circa

249 858 420 893 unum
456 844 600 894 enirn
641 849 693 894 et
731 843 875 894 idem
918 858 1133 906 semper
1171 850 1627 906 repraesentatur.
1678 843 1931 895 Contem-

250 917 510 980 plationis
532 932 665 968 vero
696 918 987 970 delectatio
1015 919 1257 968 maxima
1283 919 1525 970 existens
1553 924 1606 969 et
1634 919 1930 981 praecipua
1959 933 1971 967 ι

248 998 300 1043 et
339 1006 509 1043 verax
554 993 671 1043 sine
712 998 867 1044 motu
911 992 990 1043 fit.
1045 992 1403 1044 Manifestum
1447 993 1611 1056 quod,
1653 1006 1793 1056 quae
1832 1006 1928 1056 per

248 1067 487 1117 minores
531 1066 674 1118 fiunt
718 1073 917 1125 motus,
963 1073 1167 1130 quanto
1214 1081 1310 1130 per
1353 1067 1608 1125 minores,
1668 1072 1821 1118 tanto
1873 1072 1927 1118 et

159 1149 213 1188 26
247 1140 501 1191 meliores
523 1147 576 1191 et
602 1142 840 1192 maiores
867 1147 1008 1192 sunt.
1047 1140 1220 1191 Simul
1249 1147 1432 1192 autem
1461 1141 1782 1192 dividuntur
1804 1155 1925 1192 cum

151 1743 204 1782 27

244 1215 458 1266 actibus
500 1214 894 1266 delectationes
937 1215 1239 1266 secundum
1284 1215 1537 1278 speciem.
1592 1214 1741 1270 Quot
1779 1215 1923 1266 enim

243 1294 464 1340 actuum
495 1295 623 1341 sunt
655 1290 881 1352 species,
916 1295 997 1340 tot
1029 1294 1082 1340 et
1116 1289 1541 1340 delectationum
1571 1294 1624 1340 et
1650 1289 1921 1340 bonorum
1952 1302 1976 1337 1·

244 1364 466 1426 quidem
504 1365 698 1422 bonae,
739 1364 1011 1415 malorum
1051 1369 1235 1415 autem
1275 1363 1469 1414 malae.
1521 1363 1586 1415 Et
1625 1363 1923 1422 sciendum,

243 1438 391 1501 quod
431 1438 733 1489 secundum
774 1452 1221 1501 unumquemque
1262 1452 1483 1488 sensum
1524 1438 1777 1489 diversae
1816 1437 1923 1489 sint

243 1513 423 1575 specie
454 1512 862 1564 delectationes.
904 1512 1063 1563 Aliae
1095 1513 1239 1563 enim
1274 1518 1401 1563 sunt
1434 1517 1610 1563 tactus
1643 1517 1696 1563 et
1722 1517 1920 1575 gustus

240 1593 292 1637 et
331 1586 472 1637 aliae
513 1587 668 1637 visus
710 1593 763 1638 et
803 1587 1027 1638 auditus
1067 1593 1122 1637 et
1163 1586 1444 1638 odoratus,
1494 1586 1750 1637 Puriores
1785 1599 1918 1637 vero

240 1675 502 1712 sensuum
534 1667 675 1719 sunt,
711 1662 802 1724 qui
836 1675 946 1712 non
981 1660 1223 1711 adiuncti
1259 1660 1611 1711 sensibilibus
1646 1659 1919 1711 delectan-
1944 1663 1982 1708 zi·

240 1741 325 1786 tur
359 1741 419 1786 ut
454 1736 609 1786 visus
645 1742 699 1786 et
735 1735 959 1786 auditus
996 1740 1050 1786 et
1086 1735 1366 1786 odoratuS.
1412 1734 1478 1785 Et
1510 1733 1917 1785 dinoscibilium

236 1824 369 1860 vero
407 1810 618 1873 species
660 1810 802 1860 duae
841 1815 982 1867 sunt,
1020 1809 1158 1859 haec
1192 1809 1338 1859 enim
1376 1814 1460 1859 est
1495 1809 1749 1871 practica,
1782 1807 1917 1859 haec

235 1898 368 1935 vero
406 1884 722 1935 theoretica.
775 1883 1133 1934 Manifestum
1176 1883 1356 1945 igitur,
1399 1881 1548 1945 quod
1589 1887 1643 1932 et
1672 1881 1915 1943 ,delecta-

237 1959 449 2009 tionum
478 1958 581 2009 hos
615 1964 769 2009 actus
804 1958 1254 2020 consequentium
1290 1957 1501 2020 species
1536 1957 1644 2008 sint
1677 1955 1834 2015 duae,
1863 1961 1916 2007 et

237 2033 431 2082 harum
463 2046 595 2083 vero
634 2032 822 2095 purior
856 2037 939 2082 est
975 2031 1273 2083 theoretica
1308 2045 1472 2094 quam
1509 2030 1762 2094 practica.
1806 2029 1916 2081 Ho-
1942 2044 1982 2079 2,-

238 2107 402 2156 minis
419 2120 553 2157 vero
578 2107 834 2168 propriae
858 2106 1251 2157 delectationes
1275 2111 1416 2164 sunt,
1442 2104 1744 2156 secundum
1768 2103 1916 2167 quod

312 2287 330 2326 1
368 2287 798 2337 impedimentorum
823 2286 858 2327 A
983 2286 1095 2326 1—2
1129 2286 1455 2336 complectatur
1479 2316 1489 2326 .
1508 2315 1519 2326 .
1539 2315 1549 2326 .
1575 2285 1798 2326 coexistat
1823 2283 1862 2324 Β

239 2346 264 2386 3
297 2357 392 2387 non
424 2358 513 2387 om.
546 2340 606 2387 Ρι
636 2346 697 2386 ἦ*
730 2342 776 2395 (e
809 2342 949 2396 eraS.)
968 2362 1022 2376 =
1042 2357 1136 2386 non
1167 2358 1204 2386 s.
1232 2357 1272 2386 υ.
1303 2345 1457 2396 suppl.
1490 2338 1550 2385 Ρ3
1610 2346 1738 2384 actus
1769 2354 1858 2384 om.
1882 2342 1920 2384 Β

292 2404 318 2444 4
352 2408 479 2446 actus
512 2408 582 2446 est
612 2407 714 2447 sine
745 2405 779 2446 A
845 2408 972 2446 actus
1004 2416 1055 2446 es
1087 2416 1182 2446 non
1214 2399 1276 2445 Ρ1
1307 2407 1434 2445 actus
1466 2406 1536 2445 est
1565 2399 1637 2444 sifi
1669 2398 1738 2451 (ἰη
1770 2413 1918 2454 mat-9.

234 2461 355 2514 sine)
389 2459 448 2505 Ρ8
480 2468 607 2505 actus
640 2466 741 2506 sine
771 2465 809 2505 Β
892 2465 1145 2505 secundum
1178 2464 1217 2505 Ρ
1245 2463 1419 2505 scilicet
1448 2462 1532 2504 AB
1615 2462 1807 2512 primum
1837 2461 1920 2502 AB

291 2523 316 2562 5
351 2524 473 2572 prius
504 2523 539 2564 A
707 2524 734 2564 8
767 2527 837 2565 est
867 2534 1050 2572 semper
1083 2526 1264 2574 transp.
1297 2522 1381 2564 AB
1493 2531 1686 2569 manens
1718 2516 1797 2570 (an
1828 2521 1917 2562 del.

231 2593 288 2622 m.
319 2579 364 2632 2)
396 2583 436 2623 P
495 2584 648 2624 existit
677 2577 774 2624 P¹A
808 2595 926 2624 corr.
958 2576 1072 2623 122‘3
1194 2581 1247 2622 10
1280 2581 1475 2622 delectio
1506 2574 1567 2621 Ρ1
1597 2592 1716 2621 corr.
1748 2573 1861 2621 Ρ’με

235 2640 282 2680 11
321 2642 380 2681 sit
410 2642 447 2682 Β
516 2694 520 2697 ‚
583 2643 710 2692 quod
741 2639 877 2692 quae]
913 2653 1099 2692 quoque
1130 2641 1168 2682 Β
1341 2639 1394 2680 12
1426 2639 1542 2680 fiunt
1571 2639 1609 2679 B
1640 2639 1804 2680 fuerint
1835 2637 1915 2680 PA

230 2696 393 2748 (simib
423 2702 631 2756 varietas
663 2713 739 2753 ap.
772 2698 862 2753 By)
1045 2700 1098 2741 13
1130 2703 1236 2741 sunt
1267 2711 1355 2740 om.
1390 2698 1424 2739 A
1557 2698 1763 2740 similiter
1791 2697 1829 2738 Β

233 2758 286 2798 14
318 2760 445 2808 quod
474 2760 512 2800 Β
635 2759 687 2800 17
722 2761 847 2811 quod
878 2757 1150 2808 secundum]
1183 2758 1435 2800 secundum
1469 2768 1605 2807 quern
1636 2757 1674 2798 Β
1745 2759 1851 2798 sunt
1879 2755 1942 2812 A,

291 2817 344 2858 18
376 2816 488 2868 spe*
524 2814 557 2867 (i
590 2830 709 2860 eras.
745 2817 856 2870 oid.)
890 2819 928 2860 P
1093 2817 1259 2858 19—21
1296 2816 1504 2857 Puriores
1538 2836 1590 2843 —-
1625 2819 1671 2858 et
1701 2815 1916 2858 odoratus

228 2888 317 2917 om.
349 2877 386 2916 Β
529 2877 584 2917 20
617 2879 843 2919 adiunctis
874 2878 908 2919 A
1047 2877 1098 2918 21
1135 2871 1202 2918 et¹
1232 2888 1322 2919 om.
1354 2875 1389 2918 A
1527 2875 1582 2916 22
1615 2878 1685 2917 est
1714 2886 1802 2918 om.
1835 2873 1917 2916 ΑΒ

289 2934 343 2979 23
377 2938 422 2976 et
455 2935 508 2976 25
541 2936 746 2982 theorica
775 2937 858 2982 AB
