1982 3172
583 113 668 161 DE
701 111 999 161 CORPORE
1032 110 1260 159 CAP.1V
1702 116 1764 166 61

83 255 198 305 sine
242 253 477 317 pedibus
523 259 581 303 ut
626 253 805 314 pisces
849 258 903 302 et
947 256 1246 312 serpentes,
1290 248 1426 298 haec
1467 261 1599 298 vero
1646 249 1762 297 sine

83 329 260 392 capite
289 334 350 378 ut
383 328 562 378 cancri
597 333 650 378 et
684 326 931 377 locustae
963 331 1019 376 et
1052 324 1327 387 quaedam
1356 321 1762 374 nocturnalium

85 401 161 468 (in
195 408 416 466 pectore
453 408 638 452 autem
674 401 878 451 habent
915 413 1127 458 sensuS,
1162 413 1230 449 eo
1268 397 1418 461 quod
1453 403 1619 459 caput
1655 410 1765 446 non

80 474 358 540 habeant),
394 475 505 526 alia
543 489 677 526 vero
717 480 903 526 carent
943 474 1220 538 pulmone,
1259 487 1326 523 ea
1366 472 1586 530 scilicet,
1624 485 1764 534 quae

35 565 191 602 snon
229 551 490 602 anhelant
530 564 730 608 aerem,
769 549 879 600 alia
927 562 1062 600 vero
1112 549 1354 599 vesicam
1404 561 1515 597 non
1563 546 1768 596 habent

79 632 139 677 ut
168 639 301 676 aves
335 631 390 676 et
422 626 609 675 omnia
642 639 753 675 non
787 624 1106 687 mingentia.
1151 622 1641 673 Ostracodermata
1669 634 1765 671 au-

83 707 190 751 tem
214 700 466 763 plurimis
495 706 680 750 carent
706 698 982 749 membris.
1021 698 1079 748 In
1106 697 1342 748 modicis
1368 710 1607 759 namque
1631 696 1767 758 ipsis

80 776 266 826 existit
307 775 414 825 hoc
460 774 609 838 quod
654 773 988 824 animalibus
1034 786 1158 823 esse
1202 771 1439 823 videtur.
1494 770 1766 821 Videntur

80 856 263 901 autem
294 848 567 911 quaedam
601 850 767 899 etiam
798 847 989 898 habita
1021 860 1133 898 non
1165 846 1384 904 habere,
1417 851 1478 896 ut
1508 846 1653 896 cervi
1687 846 1766 895 vi-

16 939 58 975 ιο
83 924 279 975 dentur
311 937 422 973 non
460 923 663 973 habere
703 922 979 972 choleram
1018 922 1262 979 rubeam,
1298 934 1367 971 eo
1406 920 1556 983 quod
1594 921 1647 969 in
1687 921 1766 969 in-

80 998 293 1050 testinis
334 997 574 1048 habeant
618 1011 740 1047 eam
786 997 1095 1060 dispersam
1138 1002 1193 1046 et
1235 1009 1347 1046 non
1390 1000 1766 1057 apparentem.

78 1071 259 1122 Homo
312 1085 447 1123 vero
503 1078 559 1123 et
601 1072 788 1122 omnia
831 1070 1078 1134 perfecta
1112 1076 1173 1140 et
1215 1071 1271 1121 in
1311 1075 1579 1133 quantum
1624 1069 1762 1119 bene
1808 1080 1860 1119 15

79 1147 325 1210 oportuit
362 1147 500 1197 bene
541 1146 708 1197 habet
746 1147 948 1196 omnia.
1062 1144 1323 1197 Similiter
1362 1150 1548 1195 autem
1589 1150 1642 1195 et
1684 1158 1766 1194 se-
1809 1154 1861 1193 16

81 1220 320 1271 cundum
351 1221 684 1284 positionem
717 1220 1090 1271 membrorum
1122 1219 1297 1270 multa
1331 1218 1652 1269 differentia
1683 1225 1767 1269 est

16 1312 58 1346 15
80 1295 427 1345 animalibus.
471 1295 620 1345 Haec
654 1296 856 1346 etenim
891 1308 1163 1345 mammas
1199 1294 1403 1344 habent
1437 1295 1493 1343 in
1530 1300 1766 1357 pectore,

81 1371 216 1420 haec
243 1383 377 1434 vero
413 1371 466 1419 in
501 1375 707 1428 ventre,
743 1369 838 1419 illa
872 1375 1057 1421 autem
1093 1369 1196 1420 sub
1229 1369 1535 1419 femoribus
1569 1374 1623 1419 et
1653 1368 1763 1419 alia

83 1443 303 1507 quidem
342 1444 498 1502 duaS,
538 1444 649 1494 alia
688 1450 962 1507 quattuor,
1002 1444 1113 1494 alia
1152 1443 1355 1507 plures.
1406 1443 1765 1494 Manifestum

80 1531 331 1581 namque,
366 1518 515 1581 qued
552 1524 750 1569 natura
787 1520 1204 1569 connumeravit
1240 1525 1497 1569 natorum
1533 1532 1765 1568 numero

79 1592 451 1656 pluralitatem
509 1606 891 1644 mammarum.
1005 1593 1062 1644 Si
1123 1599 1308 1644 autem
1354 1594 1477 1656 quis
1524 1592 1766 1655 perfecte
1808 1603 1858 1642 17

0 1668 214 1719 ,aohaec
246 1680 473 1718 noscere
511 1667 764 1726 voluerit,
803 1667 952 1731 legat
991 1681 1301 1718 sermonem
1339 1668 1765 1718 Aristotelis

79 1743 147 1793 de
175 1742 521 1794 animalibus.
567 1743 692 1794 Non
727 1750 854 1795 sunt
885 1745 1088 1794 etenim
1122 1744 1259 1794 haec
1288 1745 1454 1794 huius
1489 1745 1765 1806 conscrip-

78 1817 244 1867 tionis
287 1830 355 1867 ex
400 1823 534 1875 toto,
578 1817 677 1868 sed
721 1823 806 1869 est
846 1817 1001 1868 velut
1045 1817 1447 1880 descriptiones
1491 1817 1762 1880 quasdam

79 1898 131 1941 et
168 1890 382 1953 figuras
420 1905 718 1954 apponere.
766 1890 1137 1943 Transeamus
1176 1893 1344 1954 igitur
1383 1892 1454 1942 ad
1494 1893 1762 1943 rationem
1806 1902 1858 1941 18

88 1965 156 2015 de
193 1965 479 2016 elementis
519 1979 587 2016 ex
624 1966 819 2017 ordine
858 1966 1258 2030 inquirendam.

156 2086 183 2126 3
216 2087 321 2127 hab.
353 2097 477 2128 sens.
511 2090 694 2139 transp.
726 2089 761 2130 A
915 2089 942 2128 4
975 2090 1178 2130 habeant
1207 2089 1248 2129 Ρ
1279 2089 1454 2130 habent
1484 2089 1568 2130 AB
1670 2086 1777 2137 alia]

82 2145 299 2186 animalia
329 2146 364 2187 A
534 2146 559 2186 5
592 2157 699 2187 aera
729 2148 763 2189 A
917 2148 944 2188 6
976 2145 1104 2198 aves]
1137 2159 1317 2190 vermes
1350 2159 1445 2188 non
1479 2149 1653 2189 habent
1684 2150 1718 2189 A

81 2205 108 2244 8
140 2206 270 2246 exist.
303 2205 390 2255 ips,
423 2202 489 2255 (h.
522 2203 590 2256 o.)
622 2206 657 2247 A
698 2207 797 2247 istis
829 2208 982 2248 existit
1012 2208 1051 2249 Β
1194 2209 1284 2249 hoc
1316 2209 1443 2258 quod
1471 2210 1651 2259 partim
1677 2220 1779 2248 cor-

80 2266 277 2315 riyendo
308 2258 369 2306 Ρ*
520 2266 547 2306 9
579 2267 716 2306 etlam
749 2277 838 2308 om.
871 2267 907 2308 A
1001 2267 1163 2308 habita
1190 2270 1304 2319 post
1335 2268 1508 2309 habere
1536 2280 1649 2319 pon.
1684 2268 1721 2308 Β

80 2325 197 2365 servi
229 2325 267 2366 Β
405 2325 459 2365 10
491 2326 538 2365 in
571 2337 660 2366 om.
693 2326 731 2367 Β
869 2325 922 2366 12
951 2329 1065 2378 post
1096 2328 1253 2368 omnia
1284 2327 1397 2368 add.
1430 2327 1551 2368 bene
1583 2328 1618 2368 A
1713 2322 1781 2368 et²

82 2395 172 2425 om.
196 2384 276 2426 PA
403 2384 456 2425 13
490 2382 706 2434 oportuit]
741 2386 919 2435 optinet
942 2387 977 2428 A
1103 2386 1157 2428 14
1189 2389 1260 2427 est
1291 2389 1404 2428 ante
1436 2387 1576 2427 multa
1603 2398 1717 2438 ροη.
1743 2388 1777 2428 Α

144 2443 197 2484 15
230 2442 418 2493 etenim]
453 2446 574 2485 enim
610 2445 643 2485 A
875 2445 929 2486 16
962 2450 1114 2487 autem
1147 2447 1234 2487 sub
1266 2445 1306 2487 P
1335 2449 1487 2487 autem
1522 2447 1568 2487 in
1601 2446 1636 2487 A
1669 2457 1778 2487 vero

83 2503 168 2542 sub
200 2503 237 2544 B
403 2503 575 2544 16—17
609 2505 734 2545 aliud
767 2536 777 2546 .
812 2536 821 2545 .
855 2505 912 2544 al’
944 2509 1139 2555 quatuor
1169 2505 1226 2546 al'
1259 2506 1292 2546 A
1473 2505 1527 2546 18
1558 2503 1778 2556 namque]

84 2564 235 2602 autem
259 2562 316 2604 Β.
419 2563 474 2604 19
506 2564 762 2614 pluritatem
787 2564 825 2605 B
887 2568 1038 2606 autem
1066 2565 1267 2615 perfecte
1292 2565 1395 2616 quis
1421 2565 1537 2606 haec
1561 2563 1628 2615 (Ιι.
1654 2563 1718 2614 ο.)
1743 2565 1780 2606 Β

85 2621 188 2670 quis
218 2631 327 2663 vero
361 2623 561 2672 perfecte
594 2623 683 2664 hoc
715 2624 748 2665 A
963 2623 1014 2664 21
1050 2624 1221 2666 etenim
1254 2624 1370 2664 haec
1401 2624 1442 2665 P
1471 2625 1594 2665 enim
1626 2625 1710 2666 AB

85 2679 140 2719 23
173 2679 252 2730 fig.
285 2691 360 2731 qu.
393 2686 439 2722 et
471 2682 614 2724 deser.
647 2680 713 2733 (h.
748 2680 811 2733 ο.)
844 2683 879 2724 Α
1033 2683 1088 2723 24
1122 2684 1439 2733 requirendam
1474 2684 1511 2724 B
