1982 3172
233 100 332 149 106
593 93 849 139 NEMESII
883 93 1198 140 PREMNON
1231 94 1555 142 PHYSICON

229 229 439 279 sionem
470 230 550 291 eis
587 235 846 292 praestat,
882 235 935 280 et
969 245 1080 281 non
1116 231 1269 293 prius
1305 231 1593 294 quiescunt
1623 231 1823 284 afflicti
1852 238 1907 284 et

169 327 194 366 6
228 302 483 361 demorsi,
523 318 686 366 quam
730 303 1004 354 choleram
1044 301 1339 356 evomant!
1391 305 1474 356 Fit
1511 320 1748 369 namque
1788 307 1906 358 eius

227 378 403 428 tensio
435 377 664 428 inferius
701 379 947 437 arteriae,
983 393 1122 441 quae
1158 384 1240 429 est
1274 380 1329 429 in
1362 379 1590 430 modum
1622 381 1770 432 ensis
1801 381 1906 432 sita

225 452 379 502 iuxta
418 452 601 502 media
643 453 870 503 viscera.
925 452 1101 503 Multo
1144 467 1276 504 vero
1322 455 1574 516 superius
1618 455 1782 506 situm
1822 461 1906 507 est

224 540 329 576 cor.
376 526 518 576 Nam
556 532 749 577 venter
784 526 1012 578 inferior
1049 534 1132 579 est
1171 527 1605 591 diaphragmate,
1644 543 1736 580 cor
1769 544 1901 581 vero
1952 549 1970 582 ε

167 609 191 648 7
225 601 493 663 superius.
533 600 950 651 Consueverunt
982 608 1174 653 autem·
1196 603 1406 665 antiqui
1438 603 1781 654 stomachum
1813 618 1905 655 cor

223 673 417 732 dicere,
440 673 988 736 utHippocrates
1014 672 1901 740 et³Thucydidesinpestilen-

222 749 297 798 tia
334 748 520 799 dicens
562 750 661 799 sic:
711 749 798 807 „Si
839 751 1061 812 quando
1101 751 1154 800 in
1194 765 1286 802 cor
1322 750 1603 802 firmatum
1635 757 1735 810 e‘st,
1775 752 1901 803 sub-

220 823 382 874 vertit
418 822 555 873 illud
597 829 649 874 et
686 825 1119 887 expurgationes
1162 825 1412 876 cholerae
1451 839 1659 885 omneS,
1699 831 1833 889 quot
1867 841 1901 877 a

160 959 164 962 γ
221 897 447 948 medicis
486 899 803 950 nominatae
848 906 989 958 sunt,
1035 897 1313 951 laudavi’'.
1371 898 1537 962 Quod
1581 902 1728 952 enim
1771 902 1898 953 sub-
1930 917 1970 952 ιο

223 972 551 1030 vertebatur,
592 987 654 1023 os
697 980 814 1024 erat
858 975 1079 1032 ventris,
1125 975 1273 1037 quod
1318 989 1540 1026 vomere
1584 975 1898 1039 cogebatur,

223 1060 332 1097 non
366 1043 492 1098 cor!

313 1147 429 1214 DE
479 1146 1004 1215 IRRATIONALI
1051 1148 1232 1215 NON
1280 1148 1808 1216 OBOEDIENTI

129 1295 198 1344 22
895 1237 1232 1304 RATIONI

162 1366 181 1406 1
307 1358 626 1410 Irrationale
648 1359 818 1422 igitur
842 1359 1144 1410 oboediens
1170 1360 1369 1410 rationi
1396 1360 1501 1411 hoc
1524 1360 1692 1411 modo
1718 1374 1777 1412 se
1802 1361 1896 1412 ha·
1929 1376 1979 1412 15

218 1432 323 1483 bet.
368 1432 585 1484 Rationi
619 1446 752 1483 vero
786 1447 897 1483 non
934 1433 1280 1484 oboedientis
1315 1439 1400 1484 est
1433 1433 1690 1485 nutribile
1722 1439 1775 1485 et
1804 1447 1898 1498 ge-

161 1515 186 1555 2
217 1507 527 1558 nerativum
570 1512 623 1557 et
667 1507 1021 1570 pulsativum.
1073 1507 1354 1558 Vocantur
1411 1512 1596 1558 autem
1649 1507 1898 1559 naturale

217 1580 474 1631 nutribile
512 1587 564 1631 et
602 1582 998 1643 generativum,
1036 1581 1203 1632 vitale
1241 1587 1426 1632 autem
1467 1581 1819 1644 pulsativum.

214 1742 402 1809 ALIA
434 1741 752 1809 DIVISIO
787 1741 1221 1810 VIRTUTUM
1256 1741 1901 1810 DISPONENTIUM

121 1889 192 1938 26
900 1831 1221 1898 ANIMAL
1925 1864 1979 1899 ω

159 1960 177 2000 1
303 1952 572 2003 Dividunt
594 1965 727 2003 vero
758 1953 922 2003 etiam
953 1951 1110 2003 aliter
1138 1952 1369 2003 virtutes
1398 1951 1652 2002 animalis
1678 1957 1731 2003 et
1755 1951 1892 2002 alias

212 2026 434 2088 quidem
473 2023 660 2077 dicunt
698 2026 980 2082 animales,
1019 2026 1157 2076 alias
1196 2032 1380 2077 autem
1419 2026 1712 2083 naturales,
1761 2030 1899 2080 alias

282 2148 308 2187 2
341 2148 493 2189 colera
516 2147 602 2190 PC
631 2149 699 2189 eis
731 2149 770 2188 P
890 2148 915 2188 3
948 2148 1136 2189 inferius
1169 2159 1257 2189 om.
1283 2148 1318 2189 A
1413 2148 1573 2189 arterie
1596 2148 1635 2189 Β
1666 2159 1694 2188 a
1725 2149 1898 2190 tenerle

209 2206 255 2247 M
362 2206 390 2247 4
422 2208 575 2248 media
604 2208 716 2248 vise.
742 2210 923 2259 transp.
949 2207 983 2248 A
1099 2206 1215 2247 4-5
1247 2207 1383 2248 situm
1412 2208 1634 2258 postzcor
1659 2218 1772 2258 pon.
1796 2207 1838 2248 D

209 2267 235 2306 8
267 2267 334 2307 sic
367 2267 527 2308 dicens
559 2263 625 2317 (h.
659 2263 738 2316 o.).
786 2266 862 2307 Sic
894 2266 1080 2316 quando
1112 2266 1147 2307 A
1302 2266 1329 2306 9
1361 2266 1738 2316 expurgationem
1770 2264 1899 2308 PCB

267 2326 393 2376 quod
424 2326 462 2366 Β
597 2326 651 2366 10
683 2326 867 2366 laudavi
900 2337 988 2366 om.
1022 2325 1056 2367 A
1120 2326 1500 2367 subvertebantur
1529 2324 1565 2366 A
1690 2323 1739 2364 11
1776 2335 1830 2366 os
1860 2325 1900 2366 Ρ

212 2386 361 2426 omnis
392 2386 433 2426 D
528 2396 712 2427 movere
738 2384 819 2426 CB
943 2384 996 2424 12
1025 2387 1140 2436 post
1169 2396 1264 2425 non
1297 2386 1341 2426 d.
1367 2385 1396 2426 i.
1422 2395 1462 2425 υ.
1491 2379 1546 2422 τὸ
1580 2378 1837 2432 (πλάγχνον

208 2443 380 2484 13-14
420 2445 490 2485 De
532 2444 778 2485 irrationali
819 2455 914 2485 non
947 2445 1216 2485 oboedienti
1249 2443 1411 2485 rationi
1443 2454 1532 2484 om.
1563 2442 1598 2483 A
1640 2438 1808 2493 (aeque
1839 2455 1897 2484 ac
1969 2487 1971 2489 ,

206 2508 267 2553 72,
287 2500 355 2553 16)
389 2506 436 2544 et
463 2504 522 2553 B,
563 2505 644 2555 qui
688 2506 844 2545 tamen
878 2505 1063 2544 initium
1096 2505 1206 2544 novi
1237 2514 1339 2554 cap.
1372 2503 1479 2543 inde
1510 2513 1541 2542 α
1573 2500 1755 2542 Rationi
1785 2513 1895 2543 vero

204 2563 386 2603 demum
429 2564 588 2614 spatio
630 2568 680 2604 13
710 2564 806 2614 fere
838 2565 927 2604 litt.
962 2565 1008 2603 et
1042 2564 1227 2613 primae
1265 2563 1452 2603 litterae
1481 2561 1521 2601 R
1552 2572 1699 2601 vacuo
1731 2561 1894 2602 reIIcto

202 2622 448 2672 siynificat
599 2622 653 2663 16
686 2618 913 2664 obediens
943 2622 978 2663 A
1043 2624 1113 2663 est
1143 2621 1356 2662 nutribile
1387 2620 1679 2671 duplicatum
1711 2620 1800 2661 del.
1831 2614 1894 2661 1²²

203 2682 257 2720 ut
286 2682 378 2721 oid.
549 2681 601 2721 17
634 2684 856 2723 vocantur
887 2680 926 2722 Ο
959 2684 1147 2722 vocatur
1176 2680 1250 2722 Ho
1282 2676 1481 2730 (tae-tte),
1514 2680 1570 2729 cf.
1605 2675 1809 2718 καλεῖται

202 2737 371 2788 autem]
404 2751 512 2781 vero
545 2741 580 2782 A
765 2739 937 2780 19—20
970 2739 1075 2780 Alia
1107 2740 1271 2780 divisio
1302 2739 1512 2779 virtutum
1546 2737 1888 2787 disponentium

202 2798 371 2838 animal
403 2794 688 2849 (disponenti
722 2799 931 2840 animalis
966 2796 1021 2850 C)
1052 2798 1139 2841 PC
1167 2810 1256 2840 om.
1287 2797 1372 2839 AB
1401 2808 1549 2847 aeque
1580 2808 1639 2838 ac
1671 2801 1732 2846 72,
1751 2801 1804 2838 16

203 2856 252 2895 21
289 2854 415 2906 vero]
450 2861 602 2899 autem
634 2859 669 2899 A
733 2856 888 2907 etiam]
923 2869 1028 2900 esse
1062 2857 1099 2899 C
1158 2853 1383 2906 animalis]
1418 2856 1587 2896 animal
1618 2855 1829 2897 animalis
1850 2856 1891 2897 P

261 2915 315 2955 22
350 2920 498 2956 autem
534 2913 660 2965 (vero
686 2914 742 2968 A)
775 2917 1017 2967 naturales,
1050 2917 1163 2958 alias
1194 2926 1302 2958 vero
1331 2915 1378 2956 M
1410 2914 1680 2962 materiales,
1713 2914 1826 2957 alias
1847 2914 1888 2957 Β
