1982 3172
202 87 302 139 104
570 81 827 127 NEMESII
862 81 1177 128 PREMNON
1210 82 1534 129 PHYSICON

207 218 339 269 solis
385 218 842 269 delectationibus
889 218 1304 281 superfluitates
1349 219 1505 271 fiunt.
1562 220 1702 270 Nam
1759 235 1884 271 con·

202 292 561 356 templativae
586 306 833 343 summae
864 293 1135 355 quaedam
1166 293 1461 344 existentes
1489 299 1558 352 et,
1588 294 1736 357 quod
1766 309 1885 357 per-

205 366 409 418 fectum
456 373 552 424 est,
600 367 909 418 obtinentes
956 367 1398 430 superfluitatem
1445 383 1553 419 non
1601 369 1883 432 recipiunt.

211 441 351 491 Nam
395 455 496 492 nec
541 442 840 504 opponitur
885 442 963 492 eis
1009 441 1246 492 afflictio
1291 456 1391 492 nec
1434 442 1506 492 ad
1550 444 1885 494 curationem

208 516 587 578 praecedentis
629 515 953 567 afflictionis
997 515 1154 566 fiunt.
1937 533 1959 566 5

121 827 190 875 20
907 751 1023 817 DE
1073 751 1206 817 IRA

156 898 172 937 1
299 886 381 936 Ira
419 901 551 937 vero
594 892 676 937 est
713 887 963 938 ebullitio
1007 888 1292 950 sanguinis
1334 888 1474 938 circa
1515 902 1606 938 cor
1645 902 1740 950 per
1777 888 1890 939 suf-

211 961 632 1024 fumigationem
678 961 928 1012 cholerae
972 961 1059 1011 vel
1106 962 1471 1012 turbationem
1517 962 1678 1012 facta.
1732 962 1890 1014 Unde

153 1047 178 1086 2
210 1035 359 1098 apud
415 1035 656 1086 Graecos
714 1035 856 1086 choli
914 1036 1109 1086 dicitur
1163 1042 1219 1086 et
1273 1035 1478 1087 cholOS.
1544 1035 1639 1087 Est
1689 1042 1888 1094 autem,

211 1109 433 1172 quando
463 1115 515 1159 et
547 1110 627 1159 ira
661 1116 743 1161 est
775 1110 1054 1172 appetitus
1087 1123 1186 1172 pro
1216 1110 1474 1160 vindicta.
1514 1109 1656 1160 Nam
1687 1110 1888 1161 iniuste
1920 1123 1962 1158 10

212 1184 345 1234 laesi
380 1183 484 1241 vel,
525 1198 646 1234 cum
685 1190 945 1247 putamus
984 1185 1185 1235 iniuste
1223 1184 1383 1242 laedi,
1421 1185 1706 1234 irascimur
1738 1190 1794 1236 et
1826 1184 1892 1236 fit

155 1269 179 1309 3
212 1264 341 1309 tunc
363 1259 551 1321 passio
581 1259 878 1309 commixta
905 1273 971 1309 ex
1002 1258 1277 1309 desiderio
1305 1264 1359 1309 et
1385 1259 1480 1308 ira.
1516 1257 1737 1321 Species
1758 1272 1891 1310 vero

213 1338 339 1383 sunt
363 1333 653 1383 irascibilis
684 1334 975 1396 potestatis
1004 1338 1138 1383 tres:
1181 1333 1336 1383 furor
1363 1338 1416 1384 et
1444 1333 1525 1383 ira
1550 1347 1892 1395 permanens,

214 1421 353 1470 quae
380 1420 575 1470 graece
610 1407 807 1458 dicitur
838 1408 1015 1465 minis,
1047 1413 1102 1457 et
1133 1408 1213 1457 ira
1243 1408 1501 1470 reposita,
1531 1420 1671 1470 quae
1697 1420 1892 1470 graece
1925 1442 1928 1445 -

214 1481 411 1532 dicitur
455 1487 625 1533 cotos,
685 1481 856 1532 Furor
900 1487 1084 1533 autem
1129 1488 1214 1532 est
1259 1482 1354 1539 ira,
1401 1495 1541 1544 quae
1583 1482 1798 1532 initium
1837 1487 1894 1533 et
1922 1494 1963 1530 15

214 1561 424 1607 motum
444 1555 624 1607 habet.
661 1555 746 1606 Ira
766 1570 900 1606 vero
926 1570 1255 1618 permanens
1280 1561 1363 1606 est
1387 1556 1467 1605 ira
1486 1556 1539 1605 in
1561 1561 1892 1606 vetustatem

217 1630 381 1681 ducta
404 1630 815 1693 memoriaeque
844 1629 1059 1681 tradita.
1101 1629 1268 1681 Cotos
1297 1643 1430 1680 vero
1459 1635 1543 1680 est
1570 1629 1651 1680 ira
1676 1635 1894 1692 tempus
1976 1642 1979 1645 ·

158 1714 183 1754 4
217 1705 520 1755 observans
557 1704 629 1755 ad
668 1703 985 1755 vindictam.
1034 1703 1129 1755 Est
1167 1718 1299 1754 vero
1338 1704 1420 1754 ira
1458 1703 1775 1754 deserviens
1812 1717 1896 1754 ra-

217 1779 422 1829 tionali.
467 1778 704 1835 Quando
742 1779 886 1829 enim
920 1778 1188 1829 rationale
1226 1777 1454 1841 dignum
1490 1778 1710 1836 iudicat,
1746 1777 1895 1840 quod

217 1853 424 1904 factum
466 1859 564 1912 est,
605 1853 864 1910 vindicta,
907 1858 1037 1903 tunc
1077 1853 1157 1903 ira
1201 1852 1463 1915 procedit,
1507 1852 1549 1902 si
1593 1852 1893 1903 secundum
1922 1863 1977 1898 20·

216 1934 469 1978 naturam
504 1927 786 1990 proprium
825 1927 1072 1977 ordinem
1109 1932 1305 1977 servat.

295 2048 314 2088 1
352 2045 483 2097 fiunt]
517 2052 622 2089 sunt
654 2049 691 2089 Β
731 2017 751 2020 —
795 2017 812 2020 ἠ
886 2048 911 2088 3
944 2059 1038 2089 non
1071 2060 1159 2089 om.
1193 2048 1226 2089 A
1432 2047 1457 2087 4
1489 2047 1606 2087 Nam
1641 2045 1743 2096 nec]
1777 2044 1824 2096 (a
1857 2048 1903 2088 ἰη

219 2104 335 2158 ναε.)
367 2108 408 2148 Ρ
436 2106 627 2148 Neciam
660 2108 694 2148 A
832 2108 859 2147 6
891 2107 961 2148 De
994 2107 1059 2147 ira
1090 2108 1130 2148 P
1159 2119 1247 2148 om.
1282 2108 1364 2148 AB
1396 2119 1488 2148 non
1522 2118 1654 2148 secus
1686 2118 1743 2148 ac
1777 2111 1908 2156 72,16

280 2167 304 2206 7
336 2177 446 2208 vero
479 2179 568 2208 om.
603 2169 649 2208 et
680 2167 817 2208 ebull.
850 2178 981 2217 sang.
1016 2169 1198 2218 transp.
1231 2167 1314 2208 AB
1509 2166 1535 2207 8
1569 2166 1720 2207 colere
1751 2167 1906 2217 dupli-

221 2229 377 2268 catam
411 2227 500 2268 del.
533 2220 594 2268 A²
684 2227 988 2267 turbationem
1022 2226 1142 2267 facta
1174 2237 1259 2276 eqo
1291 2226 1596 2266 turbationem
1628 2225 1792 2265 iactam
1824 2225 1903 2266 PA

221 2285 479 2327 turbatione
512 2286 632 2327 facta
662 2286 700 2327 Β
789 2285 906 2326 8-9
938 2285 1071 2326 Unde
1103 2286 1227 2335 apud
1262 2285 1462 2326 Graecos
1494 2284 1647 2336 suppl.
1668 2295 1764 2325 sa).
1789 2277 1851 2326 A²

222 2346 249 2385 9
281 2342 420 2394 choli]
455 2341 584 2395 χολή,
618 2345 752 2386 chole
784 2345 872 2394 Ho,
903 2346 989 2386 sed
1019 2345 1076 2396 cf.
1107 2350 1172 2394 25,
1193 2349 1243 2385 13
1333 2345 1543 2385 dicuntur
1572 2343 1606 2384 A
1754 2342 1808 2384 10
1841 2344 1908 2383 in-

221 2401 356 2454 iuste]
391 2402 509 2446 iuste
540 2404 575 2446 A
718 2403 766 2445 11
801 2401 892 2453 vel]
926 2407 975 2444 ut
1004 2405 1042 2445 Β
1118 2405 1376 2453 putavimus
1407 2403 1444 2444 Β
1566 2401 1620 2443 13
1648 2403 1763 2453 post
1791 2402 1912 2443 {uror

222 2465 266 2504 cl.
291 2465 321 2505 i.
347 2474 387 2504 υ.
419 2460 448 2513 ἢ
483 2460 557 2502 καὶ
588 2460 701 2513 χολὴ
733 2460 808 2502 καὶ
839 2460 974 2512 χόλος
1006 2461 1208 2503 καλεῖται
1327 2466 1372 2504 et
1403 2473 1491 2503 om.
1523 2461 1558 2503 A
1742 2461 1796 2502 14
1827 2462 1910 2502 mi-

224 2524 294 2563 nis
326 2523 406 2564 PA
441 2519 612 2573 (μῆνις)
647 2524 797 2564 minus
828 2524 866 2564 Β
899 2523 1045 2564 menis
1076 2523 1171 2572 Ho,
1211 2524 1296 2564 sed
1326 2522 1382 2573 cf.
1413 2526 1478 2571 25,
1498 2525 1547 2561 13
1723 2514 1912 2572 graece²

225 2594 313 2623 om.
338 2582 373 2624 A
551 2582 604 2622 15
638 2585 684 2623 et
717 2582 770 2623 17
804 2585 963 2624 coteos
995 2579 1071 2631 (17
1105 2578 1271 2632 coitos)
1303 2581 1338 2622 A
1372 2581 1534 2622 cothos
1565 2581 1602 2621 Β
1719 2591 1809 2632 pro
1841 2583 1912 2622 est

226 2643 273 2682 in
292 2641 473 2683 Graeca
498 2643 715 2683 oratione
738 2643 912 2694 legitur
936 2639 1009 2680 καὶ
1034 2638 1148 2691 χολὴ
1166 2638 1248 2680 ’καὶ
1271 2637 1406 2690 χόλος
1431 2635 1622 2690 λέγεται,
1649 2640 1706 2692 cf.
1731 2640 1842 2682 adn.
1862 2643 1912 2680 13

289 2729 343 2770 16
375 2709 405 2770 fl
434 2742 523 2780 pro
555 2710 585 2767 θ
611 2746 666 2762 =
691 2741 800 2772 vero
832 2731 870 2772 B
1008 2730 1059 2771 17
1089 2732 1204 2782 post
1235 2730 1370 2770 dueta
1401 2730 1445 2770 d.
1479 2730 1507 2770 ι’.
1541 2740 1582 2770 υ.
1615 2723 1792 2779 εἴρηται
1822 2724 1911 2778 γὰρ

227 2784 354 2839 παρὰ
385 2785 439 2828 τὸ
475 2786 626 2837 μένειν
763 2801 854 2840 que
886 2801 974 2831 om.
1007 2789 1041 2831 A
1227 2788 1280 2829 18
1308 2790 1422 2839 post
1450 2788 1698 2829 vindictam
1730 2789 1775 2830 d.
1807 2788 1838 2829 ἰ.
1870 2799 1910 2828 υ.

229 2842 405 2898 εἴρηται
438 2845 489 2887 δὲ
520 2845 594 2887 καὶ
627 2845 765 2888 οὗτος
797 2845 922 2899 παρὰ
953 2844 1008 2888 τὸ
1040 2846 1211 2888 κεῑεθαι
1449 2846 1504 2887 20
1536 2844 1592 2896 si]
1625 2847 1775 2888 sinum
1805 2846 1844 2889 Β

233 2906 283 2949 21
321 2908 548 2959 propriam
580 2907 615 2948 A
708 2902 899 2960 servatff
927 2904 998 2957 (ur
1028 2919 1148 2950 eras.
1182 2901 1295 2957 vid.)
1326 2906 1366 2947 P
