1982 3172
220 105 303 150 DE
337 103 583 150 UNIONE
616 102 871 149 ΑΝῙΜΑΕ
906 102 982 147 ΕΤ
1017 101 1333 148 CORPORIS
1367 101 1504 147 CAP.
1533 102 1591 147 Ill
1686 109 1754 158 57

66 241 228 295 simul
262 241 655 293 dissolvendus
691 240 965 303 simulque
1000 240 1417 303 permutandus
1451 239 1548 290 sed
1584 240 1756 290 adau-

66 331 203 382 gens
234 315 346 374 illa,
384 316 504 379 ipse
540 321 724 366 autem
762 328 873 365 non
912 314 1217 365 diminutus
1254 314 1324 364 ab
1358 314 1511 376 ipsiS,
1544 319 1604 365 ut
1640 328 1754 364 ma-

64 397 191 444 neat
227 392 551 443 immutatus
590 396 645 442 et
682 389 1026 441 inconfusus
1099 389 1262 445 Quod
1304 395 1488 440 autem
1528 390 1754 440 omnino

65 467 135 518 sit
166 466 347 518 omnis
379 466 702 517 mutationis
736 479 950 528 expers,
983 465 1140 515 testis
1173 470 1257 516 est
1290 464 1755 529 Porphyrius,

21 564 44 598 5
66 538 170 605 qui'
194 555 351 593 suam
389 540 456 592 de
493 540 711 591 Christo
746 540 921 591 movit
957 539 1230 603 linguam;
1266 539 1430 590 firma
1458 553 1592 590 vero
1629 545 1756 590 sunt

65 616 226 667 nobis
265 616 610 667 inimicorum
651 615 968 666 testimonia
1008 614 1328 678 nullamque
1370 614 1756 666 contradictio-

65 705 190 742 nem
218 691 590 754 suscipientia.
630 689 736 741 lste
764 690 932 753 igitur
958 689 1399 753 Porphyrius
1427 690 1482 739 in
1512 689 1756 740 secundo

67 779 320 817 sermone
343 765 411 816 de
435 764 853 828 quaestionibus
877 765 1303 815 commixtorum
1328 764 1407 814 sic
1429 764 1616 815 scribit
1637 778 1757 814 ver-

67 841 327 892 botenus:
370 839 527 898 „Non
559 839 930 902 ignorandum
965 840 1152 902 itaque
1186 839 1479 890 'convenire
1514 839 1756 902 aliquam

6 935 46 971 10
68 919 426 970 substantiam
448 918 621 980 accipi
646 913 717 964 ad
749 913 1215 977 complementum
1244 913 1472 964 alterius
1504 913 1758 964 substan-

67 990 174 1042 tiae
208 995 263 1041 et
297 1003 419 1040 esse
457 995 669 1053 partem
706 988 1050 1040 substantiae
1086 993 1401 1039 manentem
1438 989 1493 1038 in
1526 1003 1627 1039 sua
1662 1003 1757 1038 na-

65 1069 202 1123 tura,
234 1070 531 1128 postquam
566 1063 926 1127 compleverit
958 1063 1125 1114 aliam
1160 1063 1527 1114 substantiam
1562 1078 1758 1113 unum-

67 1157 174 1206 que
208 1157 331 1194 cum
366 1142 474 1194 alio
515 1142 712 1192 factam
752 1143 806 1189 et
835 1143 1255 1189 conservantem
1283 1152 1471 1196 unum,
1496 1138 1645 1201 quod
1676 1152 1758 1189 se-

67 1214 308 1266 cundum
342 1228 399 1264 se
433 1214 628 1277 ipsam,
662 1219 716 1264 et
747 1214 942 1269 maius,
977 1227 1097 1263 eam
1134 1213 1358 1276 quidem
1384 1227 1498 1264 non
1532 1227 1758 1264 conver-

11 1308 47 1343 ιε
69 1303 202 1347 sam,
248 1294 656 1340 convertentem
702 1302 835 1339 vero
882 1287 991 1345 illa,
1036 1288 1092 1337 in
1141 1287 1341 1351 quibus
1387 1288 1614 1346 accedit,
1657 1302 1758 1338 sua

69 1363 381 1427 praesentia
401 1363 456 1414 in
479 1368 661 1414 actum
688 1362 897 1413 suum.“
932 1362 1077 1413 Dicit
1099 1368 1284 1413 autem
1306 1362 1447 1414 haec
1462 1363 1531 1413 de
1554 1363 1759 1414 unione

70 1442 286 1493 animae
312 1446 365 1493 et
390 1442 645 1504 corporis.
741 1437 797 1488 Si
832 1438 1000 1501 igitur
1037 1437 1106 1488 de
1142 1438 1328 1487 anima
1356 1452 1522 1489 verus
1559 1443 1642 1489 est
1672 1438 1762 1488 hic

71 1527 267 1570 sermo,
304 1513 433 1576 quia
469 1518 552 1564 est
590 1513 930 1575 incorporea,
967 1512 1143 1563 multo
1182 1512 1424 1575 amplius
1462 1514 1564 1563 erit
1594 1527 1760 1564 verus

71 1587 140 1639 de
170 1587 276 1638 deo
308 1587 494 1645 verbo,
527 1588 707 1650 magis
738 1593 792 1638 et
825 1588 1018 1650 purius
1051 1592 1105 1638 et
1132 1587 1437 1638 secundum
1469 1589 1758 1639 veritatem

0 1679 47 1715 :o
67 1662 338 1715 existente
382 1663 725 1726 incorporeo.
783 1662 849 1713 Et
893 1662 983 1713 hic
1025 1667 1087 1714 ut
1133 1662 1490 1713 adversarius
1537 1663 1761 1714 obturat

71 1751 171 1788 ora
204 1738 673 1801 praesumentium
713 1737 1016 1788 diiudicare
1054 1737 1143 1788 dei
1179 1738 1441 1788 unionem
1478 1737 1549 1788 ad
1587 1738 1763 1789 homi-

71 1826 212 1863 nem.
260 1811 342 1863 De
377 1812 484 1863 hoc
519 1813 664 1863 enim
703 1812 991 1875 gentilium
1030 1811 1189 1864 multi
1228 1813 1399 1863 risum
1432 1812 1644 1864 faciunt
1683 1812 1762 1863 di-

73 1891 256 1938 centes
281 1886 625 1950 impossibile
650 1893 704 1938 et
730 1887 1116 1950 incontingens
1139 1892 1195 1938 et
1219 1887 1615 1938 inconveniens
1639 1901 1764 1939 esse

75 1961 416 2012 commisceri
448 1961 666 2025 mortali
701 1967 932 2013 naturae
968 1962 1214 2013 divinam
1248 1976 1346 2025 per
1380 1963 1676 2013 mixturam
1711 1969 1766 2013 et

0 2051 52 2086 :5
74 2036 351 2087 unionem.
394 2034 503 2087 Sed
534 2049 639 2087 nos
672 2037 1021 2099 peritissimis
1053 2051 1245 2088 eorum
1279 2042 1497 2088 utentes
1530 2037 1764 2088 testibus

72 2111 326 2161 exuimur
367 2111 760 2162 causationem.
870 2111 1081 2163 Dicitur
1123 2118 1308 2163 autem
1351 2126 1385 2162 a
1428 2112 1761 2175 quibusdam

74 2190 128 2236 et
159 2185 398 2236 maxime
430 2185 500 2235 ab
534 2183 979 2237 Eunomianis
1011 2187 1154 2237 uniri
1190 2187 1354 2238 deum
1388 2187 1618 2238 verbum
1648 2201 1764 2238 cor-

75 2259 195 2322 pori
220 2273 331 2310 non
360 2259 663 2311 secundum
693 2259 1075 2319 substantiam,
1103 2261 1201 2312 sed
1229 2261 1535 2313 secundum
1561 2262 1763 2312 utrius-

151 2469 169 2509 1
205 2470 266 2511 ad
295 2472 408 2511 ante
439 2481 616 2521 augens
648 2472 803 2521 suppl.
836 2463 897 2511 Ρ2
1047 2470 1073 2511 2
1106 2471 1227 2511 illam
1259 2471 1297 2512 Β
1388 2467 1519 2520 ipsis]
1554 2470 1642 2510 illis
1674 2470 1711 2511 Β

76 2529 102 2570 3
134 2530 394 2571 immutatus
427 2526 468 2579 (s
501 2541 556 2571 ex
587 2541 605 2570 r
636 2542 760 2571 corr.
790 2542 848 2570 m.
881 2526 925 2579 2)
959 2530 998 2571 Ρ
1154 2531 1180 2570 5
1214 2527 1311 2580 qui]
1347 2530 1473 2580 quod
1505 2529 1538 2570 A
1663 2532 1770 2570 sunt

77 2588 213 2629 nobis
245 2590 427 2640 transp.
458 2589 494 2631 A
527 2593 634 2630 sunt
665 2601 755 2631 om.
787 2590 825 2630 Β
990 2589 1018 2629 9
1050 2590 1293 2640 ignorandi
1325 2590 1363 2630 Β
1536 2588 1589 2629 10
1621 2590 1769 2638 accipi

77 2648 135 2688 ad
159 2647 199 2688 Ρ
227 2649 435 2698 accipere
459 2649 494 2691 A
529 2660 650 2700 quae
674 2650 871 2698 accipiat
894 2649 932 2689 B
1054 2648 1104 2690 11
1143 2650 1370 2690 manentis
1395 2648 1429 2690 A
1557 2648 1611 2689 12
1645 2659 1769 2690 com-

78 2707 268 2757 pleverit
290 2708 489 2758 aliquam
513 2710 815 2750 substantiam
842 2708 978 2748 aliam
1003 2719 1144 2749 unum
1171 2720 1273 2750 cum
1300 2708 1334 2749 A
1463 2708 1516 2749 13
1548 2708 1716 2749 iactum
1734 2709 1768 2749 A

77 2769 306 2817 peractam
338 2767 375 2809 Β
496 2767 550 2809 14
578 2770 692 2819 post
722 2768 909 2819 quidem
941 2769 1053 2809 add.
1086 2771 1132 2810 et
1162 2768 1245 2809 AB
1368 2767 1422 2808 16
1454 2770 1604 2809 actum
1637 2779 1770 2809 suum

79 2829 262 2878 transp.
296 2826 331 2868 A
424 2827 513 2868 hoc
545 2827 628 2869 AB
789 2826 962 2868 17-18
994 2838 1098 2869 ver·
1134 2830 1204 2869 est
1236 2828 1338 2869 hoc.
1372 2827 1446 2868 hic
1480 2858 1490 2868 .
1524 2858 1534 2868 .
1569 2858 1579 2868 .
1613 2858 1623 2868 .
1657 2827 1770 2869 mul-

79 2889 174 2928 tum
207 2917 219 2929 .
253 2917 263 2928 .
294 2896 398 2929 ver-
432 2886 469 2928 A
626 2887 680 2929 19
712 2888 837 2939 puris
868 2887 906 2929 B
1056 2886 1112 2928 20
1145 2890 1194 2929 ut
1224 2898 1315 2929 om.
1338 2887 1375 2930 A
1527 2886 1584 2928 22
1616 2888 1704 2929 hac
1734 2887 1771 2928 B

141 2945 196 2987 25
230 2946 515 2996 peritissimis
547 2958 602 2989 ex
632 2957 707 2988 -us
740 2947 842 2989 rad.
875 2958 994 2988 corr.
1027 2946 1067 2988 P
1215 2946 1271 2988 26
1303 2947 1513 2989 exuimus
1545 2946 1580 2988 A

1791 475 1847 514 29

1792 699 1847 739 30

1794 1372 1843 1413 31

1794 1447 1850 1488 32

1796 1672 1852 1712 33

1799 2119 1854 2161 34
