1982 3172
262 114 551 160 PROPTER
585 113 774 166 QUAM
809 113 1075 161 CAUSAM
1111 112 1314 159 LIBERI
1349 111 1487 158 CAP.
1515 111 1616 158 XLI
1696 118 1794 169 133

107 252 407 303 secundum
447 253 627 315 ipsum
669 252 944 315 generari;
985 264 1363 315 quaecumque
1401 263 1534 300 vero
1575 262 1684 299 non
1723 263 1790 300 ex

106 327 349 378 subiecta
386 328 615 378 materia
654 326 836 378 factae
873 332 1015 383 sunt,
1056 325 1358 376 secundum
1397 338 1569 375 unum
1609 323 1788 374 solum

105 401 330 452 modurn
358 401 563 452 scilicet
591 401 964 465 generationis
994 406 1120 451 sunt
1151 398 1560 463 permutabiles.
1592 398 1790 449 Iterum
1832 407 1875 446 11
1901 404 1903 407 ·

104 489 236 526 vero
274 476 485 533 harum,
527 490 669 539 quae
709 482 835 527 sunt
875 475 1085 538 absque
1125 475 1369 531 materia,
1411 486 1790 536 quaecumque

0 551 2 618 ξ
59 550 325 613 squidem
367 556 494 602 sunt
535 551 676 601 circa
716 557 945 608 terrena,
987 564 1083 612 per
1124 549 1677 600 communicationem
1719 547 1789 597 ad

103 625 354 681 homines
411 626 552 675 circa
611 625 917 688 operabilia
973 624 1264 681 exhibitae,
1310 622 1790 685 permutabiliores

105 706 231 751 sunt
264 701 482 757 ceteris;
519 714 896 763 quaecumque
933 714 1065 751 vero
1104 714 1201 762 per
1237 700 1531 762 puritatem
1567 699 1790 749 summi-

103 780 381 837 tatemque
417 781 647 826 naturae
686 774 791 826 deo
832 788 928 838 per
968 775 1222 825 ardorem
1262 774 1565 824 adhaerent
1600 773 1789 824 huius·

103 862 208 911 que
241 848 705 911 contemplatione
742 847 1138 899 beatitudinem
1176 847 1471 904 lucrantur,
1508 846 1578 896 ad
1617 860 1675 897 se
1710 846 1789 908 ip-

38 935 80 970 10
103 937 193 974 sas
234 928 288 974 et
332 923 495 973 deum
540 922 894 974 solummodo
939 936 1255 979 conversae,
1299 922 1368 971 ab
1412 921 1789 984 operabilibus

103 996 322 1060 quidem
361 1003 413 1047 et
453 997 683 1048 materia
721 997 946 1048 omnino
988 1010 1046 1047 se
1085 1002 1412 1053 avertentes,
1452 995 1789 1057 contempla-

99 1071 235 1122 tioni
269 1085 399 1122 vero
433 1077 487 1122 et
521 1071 626 1122 deo
661 1071 1008 1122 inhaerentes
1043 1076 1266 1121 manent
1299 1070 1788 1133 impermutabiles,

103 1146 256 1196 liberi
289 1146 510 1208 quidem
548 1146 757 1196 arbitrii
792 1146 1107 1203 existentes,
1145 1145 1294 1208 quod
1331 1144 1630 1196 rationales
1666 1145 1788 1200 siut,

102 1220 198 1271 sed
229 1235 340 1271 non
375 1220 714 1272 invertibiles
749 1227 975 1284 propter
1009 1234 1206 1271 causas
1242 1219 1569 1283 praedictas.
1616 1218 1789 1269 Nihil-
1830 1229 1880 1267 1:ae

37 1307 78 1342 15
101 1309 206 1358 que
249 1295 462 1345 mirum.
519 1294 731 1346 Etenim
775 1295 1060 1346 hominum
1108 1295 1439 1358 quicumque
1484 1294 1615 1345 facti
1662 1300 1789 1344 sunt

101 1369 383 1421 theoretici
408 1370 478 1420 ab
507 1369 884 1433 operabilibus
915 1383 973 1420 se
1003 1375 1330 1427 avertenteS,
1360 1374 1682 1420 manserunt
1708 1369 1789 1418 in-

99 1443 395 1495 vertibiles.
518 1443 732 1495 Scimus
773 1458 895 1495 cum
935 1444 1232 1507 praedictis
1269 1458 1393 1495 esse
1433 1443 1787 1506 patefactum,
1829 1453 1880 1493 13

100 1518 247 1581 quod
289 1532 481 1570 omnes
525 1518 823 1570 rationales
863 1525 1093 1570 naturae
1136 1519 1408 1582 optimum
1468 1523 1681 1573 initium
1737 1523 1790 1572 in

101 1594 377 1644 creatione
400 1599 763 1656 perceperunt
791 1599 859 1652 et,
890 1594 935 1645 si
967 1594 1046 1644 sic
1075 1600 1510 1656 permanserunt,
1532 1601 1589 1647 ut
1614 1597 1668 1647 in
1696 1597 1793 1647 ini-

33 1668 176 1719 20tio
211 1674 428 1719 creatae
465 1674 606 1726 sunt,
643 1668 712 1719 ab
750 1669 900 1719 omni
936 1669 1073 1719 vitio
1112 1674 1358 1719 semotae
1395 1668 1633 1719 fuerunt.
1677 1667 1787 1719 Sed

100 1742 299 1793 accidit
318 1743 398 1794 eis
423 1743 618 1795 vitium
647 1757 747 1806 per
772 1743 1247 1806 praeelectionem.
1274 1743 1364 1795 Sic
1385 1744 1552 1807 igitur
1575 1758 1788 1807 perma-

97 1821 292 1867 nentes
323 1816 624 1867 secundum
661 1817 811 1880 quod
843 1818 1063 1880 genitae
1099 1823 1227 1869 sunt
1261 1818 1315 1868 in
1350 1818 1522 1876 initio,
1553 1818 1787 1869 beatitu-

101 1890 283 1941 dinem
305 1890 567 1942 obtinent.
602 1891 718 1942 Soli
739 1905 872 1942 vero
897 1892 1081 1955 angeli
1106 1892 1557 1956 incorporeorum
1583 1893 1786 1943 inversi
1827 1900 1877 1940 14

101 1970 227 2016 sunt
259 1971 315 2016 et
351 1978 452 2016 nec
486 1979 678 2016 omnes
716 1967 838 2029 ipsi,
877 1966 975 2018 sed
1014 1967 1239 2030 quidam
1272 1981 1342 2018 ex
1376 1968 1528 2029 ipsiS‚
1568 1968 1660 2030 qui
1693 1967 1786 2018 de-

32 2055 77 2091 25
99 2039 242 2103 lapsi
275 2039 347 2090 ad
386 2039 648 2090 inferiora
680 2035 1023 2092 terrenorum
1063 2041 1422 2104 cupiditatem
1459 2042 1784 2099 habuerunt,

100 2114 375 2177 segregati
405 2114 475 2164 ab
509 2114 707 2166 ardore
742 2116 1088 2179 superiorum
1122 2122 1178 2167 et
1213 2116 1316 2167 dei.
1363 2115 1487 2167 Non
1519 2117 1688 2180 igitur
1715 2130 1783 2167 ex
1825 2124 1876 2165 15

98 2189 336 2239 ostensis
368 2188 705 2251 patefactum
743 2196 841 2248 est,
875 2191 1024 2253 quod
1061 2191 1389 2249 necessario,
1425 2192 1555 2254 quia
1586 2196 1784 2242 natura

173 2354 199 2395 2
232 2355 379 2396 laetae
411 2358 517 2396 sunt
550 2358 731 2406 tran-311.
764 2356 798 2397 A
833 2356 952 2398 facta
983 2360 1090 2398 sunt
1119 2358 1157 2398 B
1248 2356 1275 2396 4
1307 2358 1467 2398 horum
1501 2358 1538 2398 Β
1569 2370 1658 2398 om.
1691 2357 1723 2398 A

100 2415 124 2454 7
158 2415 463 2455 summitatem
497 2416 534 2456 Β
631 2415 658 2456 8
691 2416 942 2457 adhaerent
973 2419 1075 2458 rad.
1109 2428 1164 2457 ex
1194 2414 1457 2459 adhaeren‘i·
1488 2418 1528 2458 Ρ
1617 2417 1644 2457 9
1676 2428 1786 2459 con-

100 2474 384 2524 templationi
417 2474 464 2515 M
663 2475 716 2515 10
745 2478 859 2526 post
888 2479 934 2516 et
965 2477 1076 2517 add.
1110 2477 1168 2517 ad
1201 2476 1234 2517 A
1381 2474 1650 2526 conversae]
1684 2488 1784 2518 cum

99 2543 149 2574 se
182 2534 218 2574 B
379 2534 427 2575 11
465 2545 516 2575 se
548 2538 805 2575 avertentes
837 2535 883 2576 M
925 2539 1134 2577 avertunt
1164 2536 1201 2577 Β
1355 2536 1409 2576 12
1442 2530 1620 2590 (vero)
1654 2537 1728 2578 Ηο

103 2591 155 2633 13
189 2593 314 2642 quod
346 2605 432 2645 eqo
465 2597 510 2635 et
542 2595 668 2644 quod
700 2594 746 2634 M
779 2595 887 2645 quia
918 2595 956 2636 Β
1030 2595 1326 2636 rationabiles
1358 2596 1396 2637 Β
1456 2597 1514 2636 sit
1546 2596 1578 2637 A
1614 2599 1719 2637 sunt
1753 2597 1790 2636 Β

162 2651 214 2692 14
247 2663 343 2693 non
375 2665 463 2694 om.
495 2654 533 2695 B
687 2653 739 2694 15
773 2654 896 2695 hom.
930 2654 1048 2704 quic.
1083 2657 1264 2705 transp.
1298 2655 1331 2696 A
1426 2656 1530 2696 facti
1564 2668 1652 2697 om.
1685 2650 1790 2698 ,4¹13

97 2712 251 2761 suppl.
276 2705 336 2752 A'
466 2713 520 2754 16
553 2714 743 2754 theorici
768 2713 851 2754 AB
938 2714 1200 2764 operalibus
1225 2714 1323 2764 PC,
1356 2716 1412 2766 cs.
1440 2719 1528 2764 131,
1545 2720 1748 2766 25-132,
1769 2720 1787 2756 1

161 2770 332 2811 19—20
373 2774 421 2811 ut
453 2792 506 2800 —
541 2770 662 2822 sunt]
705 2775 753 2813 ut
793 2777 972 2814 creatae
1012 2777 1118 2814 sunt
1157 2774 1203 2814 in
1245 2775 1471 2825 principio
1504 2775 1538 2816 A
1573 2787 1662 2817 om.
1694 2776 1733 2817 Β

99 2829 154 2870 22
187 2830 313 2880 quod
345 2842 433 2872 om.
464 2832 502 2873 Β
704 2833 795 2873 sint
826 2834 873 2874 in
906 2833 1037 2874 initio
1073 2832 1110 2875 C
1146 2837 1253 2874 sunt
1284 2834 1423 2875 inicio
1456 2834 1490 2876 A
1533 2835 1664 2877 initio
1695 2836 1734 2877 Β

100 2888 154 2929 24
187 2889 271 2930 sed
302 2889 348 2930 Μ
381 2901 486 2932 nam
518 2892 556 2933 Β
701 2891 874 2933 26-27
908 2891 1014 2934 Non
1047 2893 1182 2943 igitur
1213 2905 1270 2935 ex
1303 2894 1502 2935 ostensis
1535 2893 1622 2936 PC
1659 2895 1793 2946 igitur

99 2959 155 2989 ex
188 2950 387 2990 ostensis
419 2950 454 2992 A
488 2951 687 2993 ostensis
720 2951 855 3002 igitur
886 2953 923 2994 Β
1044 2952 1099 2993 27
1133 2953 1395 2995 necessario
1428 2950 1537 3005 quia
1568 2966 1657 2996 om.
1690 2955 1727 2996 Β
