1982 3172
223 97 289 146 78
588 89 845 136 NEMESII
879 90 1195 136 PREMNON
1228 90 1553 138 PHYSICON

139 235 191 275 15
225 225 408 276 medio
431 226 672 277 videntis
701 232 755 277 et
782 228 934 277 visae
964 229 1055 276 rei.
1097 226 1548 291 Quibuscumque
1576 236 1758 280 autem
1785 244 1903 281 sen-

225 318 384 354 suum
417 306 726 367 apparuerit
759 319 971 367 corpus,
1008 301 1077 351 ab
1110 301 1197 352 his
1233 301 1524 354 confestim
1557 310 1611 355 et
1641 303 1796 355 locus
1826 305 1906 355 di·

223 375 482 432 noscitur,
518 381 649 425 tunc
686 374 866 426 solum
905 374 1127 438 quando
1165 375 1410 428 adiuncti
1446 376 1651 430 fuerint
1687 380 1902 442 corpori

226 454 440 511 praeter
483 462 596 507 eOS,
644 450 735 512 qui
781 449 1040 512 deinceps
1083 451 1441 513 excipientur,
1486 451 1584 502 sed
1626 453 1782 503 visus
1835 453 1903 504 de

138 531 191 571 16
225 522 404 586 longe.
460 521 603 578 Quia
636 537 770 575 vero
806 538 839 574 a
874 524 1039 587 longe
1077 525 1491 588 comprehendit
1526 527 1750 589 propria
1783 540 1904 578 sen·

225 597 419 655 sibilia,
440 599 754 648 necessario
784 599 1152 661 consequitur,
1178 605 1239 650 ut
1267 599 1420 650 solus
1448 600 1714 663 percipiat
1739 602 1902 652 etiam

225 671 559 723 distantiam.
615 671 1056 735 Magnitudinem
1100 686 1234 724 vero
1279 678 1410 725 tunc
1453 674 1606 725 solus
1652 674 1903 734 dinoscit,

226 760 348 795 cum
365 745 486 804 hoc,
511 745 661 809 quod
684 752 930 810 apparet,
954 748 1156 810 poterit
1179 761 1276 810 per
1298 762 1464 798 unam
1483 750 1903 811 occupationem

139 829 190 868 17
225 820 706 883 comprehendere.
764 821 900 872 Cum
937 835 1070 872 vero
1106 823 1287 872 maius
1326 822 1490 874 fuerit
1525 823 1758 882 visibile,
1793 837 1904 874 non

226 908 322 956 per
352 909 518 945 unam
557 896 977 958 occupationem
1013 896 1428 959 comprehendit
1462 897 1568 947 hoc
1600 897 1771 956 visuS,
1807 898 1903 948 sed

226 968 435 1032 indiget
475 971 743 1020 memoria
785 976 840 1021 et
881 969 1174 1022 intellectu.
1240 971 1444 1022 Partim
1486 985 1725 1035 namque
1766 971 1903 1022 illud

226 1043 521 1106 inspiciens
549 1057 650 1094 nec
683 1044 852 1095 semel
887 1050 1062 1096 totum
1095 1046 1407 1096 necessario
1440 1046 1510 1096 ab
1541 1045 1715 1097 altero
1745 1046 1800 1096 in
1828 1046 1905 1096 al-

228 1124 402 1168 terum
422 1123 666 1191 mutatur
691 1124 747 1169 et
771 1119 877 1169 hoc
904 1119 1142 1181 quidem,
1171 1119 1320 1181 quod
1348 1120 1667 1178 succumbit,
1691 1133 1906 1183 semper

226 1192 520 1242 incessioni
537 1198 623 1243 est
648 1192 922 1243 sensibile.
957 1192 1115 1243 Prius
1140 1199 1326 1244 autem
1349 1194 1472 1244 visa
1494 1195 1761 1244 memoria
1780 1207 1906 1244 con-

226 1271 424 1317 servat.
463 1265 687 1329 Colligit
715 1280 849 1318 vero
880 1273 1113 1330 utraque
1145 1267 1469 1334 intellectuS,
1502 1267 1760 1319 sensibile
1791 1269 1906 1331 qui·

140 1350 192 1390 18
228 1340 352 1390 dem
374 1346 429 1392 et
458 1341 829 1392 memorabile.
870 1341 1254 1404 Magnitudine
1283 1343 1450 1404 igitur
1480 1342 1698 1393 duobus
1725 1342 1906 1393 modis

227 1419 639 1482 comprehendit
651 1421 825 1471 visus:
844 1420 1143 1483 aliquando
1166 1416 1388 1479 quidem
1414 1416 1583 1475 soluS,
1607 1416 1906 1480 aliquando

142 1499 194 1538 19
226 1495 410 1540 autem
453 1503 577 1540 cum
620 1491 887 1540 memoria
928 1495 982 1541 et
1024 1490 1319 1542 intellectu,
1374 1490 1482 1541 Sed
1525 1497 1578 1543 et
1616 1505 1905 1542 numerum

226 1563 526 1614 visibilium
555 1578 722 1627 super
755 1566 857 1615 tria
887 1564 976 1615 vel
1011 1570 1270 1627 quattuor
1301 1565 1642 1623 existentem,
1675 1565 1766 1628 qui
1794 1578 1904 1615 non

228 1652 323 1701 per
357 1652 523 1688 unam
563 1639 983 1701 occupationem
1021 1639 1258 1689 cernitur
1293 1645 1347 1690 et
1383 1645 1567 1690 motus
1603 1645 1658 1690 et
1692 1638 1921 1702 figuras.

227 1712 624 1775 multiangulas
653 1712 897 1763 videndo
932 1713 1087 1763 visus
1120 1714 1386 1763 memoria
1420 1713 1632 1775 indiget
1665 1718 1718 1764 et
1751 1712 1906 1764 intel-

142 1790 144 1792 ’
228 1787 385 1838 lectu.
420 1787 544 1837 Non
572 1787 718 1837 enim
746 1792 930 1850 potest
959 1788 1199 1850 quinque
1225 1793 1280 1838 et
1307 1801 1403 1837 sex
1426 1793 1479 1837 et
1503 1792 1713 1849 septem
1741 1792 1906 1850 atque

228 1861 387 1924 plura
409 1862 526 1911 sine
552 1862 819 1912 memoria
845 1861 1118 1924 colligere.
1158 1861 1248 1912 Sic
1272 1874 1451 1924 neque
1475 1861 1796 1924 hexagonas
1817 1861 1904 1911 vel

228 1942 533 1998 octogonas
562 1935 651 1987 vel
685 1935 1024 1998 multigonas
1057 1935 1287 1999 figuras
1332 1935 1396 1986 Et
1429 1941 1613 1986 motus
1646 1949 1778 1986 vero
1810 1949 1907 1998 per

228 2010 589 2060 mutationem
621 2009 803 2061 factus
837 2010 943 2060 hoc
978 2009 1200 2072 quidem
1235 2010 1401 2061 habet
1437 2010 1604 2072 priuS,
1638 2009 1745 2060 hoc
1773 2023 1905 2060 vero

232 2085 522 2146 posterius.
562 2083 667 2135 Ubi
701 2090 886 2135 autem
919 2090 1003 2135 est
1037 2085 1274 2146 primum
1305 2090 1361 2135 et
1393 2083 1694 2134 secundum
1723 2088 1778 2134 et
1805 2089 1909 2134 ter-

306 2206 323 2244 1
361 2207 458 2246 vise
492 2201 589 2257 reis]
618 2206 658 2246 P
688 2209 870 2256 transp.
905 2207 939 2247 A
1094 2206 1119 2245 2
1151 2208 1262 2256 fort.
1296 2206 1555 2255 apparuerit
1587 2199 1702 2256 (et)
1734 2201 1912 2254 (ευνεμ-

227 2259 442 2314 φαίνεται
474 2262 566 2314 καὶ)
599 2262 852 2314 apparuer‘r
882 2266 919 2305 Β
981 2275 1145 2314 corpus
1179 2277 1267 2306 om.
1301 2265 1339 2305 Β
1395 2266 1509 2315 post
1539 2264 1714 2304 dinosc.
1747 2264 1792 2306 d.
1817 2265 1847 2304 ἰ.
1873 2275 1913 2304 υ.

227 2321 290 2362 ὡ(
323 2355 332 2365 .
359 2355 370 2365 .
396 2355 407 2365 .
442 2319 578 2362 αὗται
612 2320 694 2372 μὲν
727 2326 773 2364 et
801 2327 915 2376 post
946 2325 1124 2374 corpori
1157 2320 1223 2374 (3)
1258 2318 1633 2362 (υναιεθάνονται
1775 2322 1802 2362 4
1835 2333 1911 2363 ex-

228 2384 454 2432 cipiuntur
484 2383 567 2424 ΡΒ
687 2383 712 2423 5
747 2382 866 2429 Quia
896 2395 1005 2425 vero
1037 2384 1077 2424 P
1107 2382 1197 2429 Qui
1229 2386 1380 2423 autem
1405 2383 1442 2423 Β
1474 2381 1611 2428 Quod
1642 2384 1794 2422 autem
1818 2381 1853 2423 A

228 2443 256 2482 6
287 2444 423 2483 etiam
458 2453 578 2492 perc.
610 2439 676 2492 (h.
710 2440 773 2492 ο.)
805 2444 843 2484 Β
873 2447 998 2484 esset
1029 2444 1107 2493 qui
1140 2453 1260 2492 perc.
1292 2442 1327 2483 A
1554 2440 1580 2480 9
1612 2441 1912 2490 comprehen-

230 2502 366 2543 der*e
398 2502 438 2543 Ρ
567 2501 713 2542 9—10
746 2513 848 2543 cum
882 2522 935 2529 -—
969 2502 1318 2552 comprehendit
1347 2502 1396 2542 in
1428 2512 1576 2550 maro.
1610 2501 1764 2551 suppl.
1795 2493 1857 2541 Ρ2

234 2561 285 2600 13
319 2562 445 2611 quod
477 2573 565 2602 om.
590 2562 624 2602 A
751 2561 805 2602 14
836 2555 1119 2614 insscessioni
1143 2562 1182 2602 P
1212 2561 1475 2602 incessitum
1499 2560 1537 2600 Β
1660 2559 1712 2599 15
1744 2570 1859 2600 vero.
1877 2559 1919 2599 Ρ

230 2623 381 2661 autem
413 2621 497 2662 AB
580 2618 783 2671 quidem]
819 2622 945 2671 quod
975 2621 1010 2663 A
1196 2620 1249 2660 16
1282 2619 1594 2660 memoriabile
1625 2619 1660 2660 A
1764 2618 1916 2659 modis

230 2690 319 2720 om.
344 2680 382 2720 B
535 2679 587 2720 17
621 2691 792 2730 compr.
816 2682 942 2721 visus
971 2682 1153 2731 transp.
1179 2679 1218 2720 P
1368 2678 1422 2718 19
1451 2679 1525 2719 vel
1558 2681 1769 2728 quattuor
1797 2677 1837 2718 P
1869 2680 1917 2717 et

232 2737 334 2778 ·1111·
360 2738 443 2779 AB
534 2739 612 2789 qui
644 2733 800 2793 nonsss
825 2740 866 2780 P
904 2741 1012 2790 quia
1043 2749 1138 2779 non
1169 2739 1207 2779 Β
1363 2737 1419 2777 22
1453 2739 1657 2787 quinque
1689 2740 1735 2778 et
1759 2747 1848 2778 ‚sex
1877 2736 1921 2776 P

233 2797 271 2837 V
308 2795 335 2836 7
369 2797 429 2838 VI
460 2798 494 2839 A
537 2797 639 2839 VVI
669 2798 707 2839 Β
808 2802 854 2840 et
884 2798 964 2839 v11
995 2810 1085 2841 om.
1117 2792 1190 2846 ΡΙ,
1230 2797 1384 2848 suppl.
1416 2791 1477 2836 Ρ2
1655 2795 1711 2836 23
1743 2791 1915 2845 nequel

233 2867 432 2906 namque
463 2858 498 2898 A
636 2856 692 2896 24
725 2857 1016 2898 multimodas
1047 2858 1084 2898 Β
1172 2853 1298 2904 vero]
1333 2856 1517 2905 quidem
1551 2856 1588 2896 Β
1730 2853 1786 2894 26
1816 2850 1916 2902 ubil

235 2919 280 2955 ut
312 2916 349 2955 Β
440 2913 633 2964 tertium]
669 2918 855 2956 alterum
888 2918 926 2963 Β

1933 913 1975 948 10

1934 1284 1976 1319 15

1934 2025 1979 2060 25
