1982 3172
286 99 370 146 DE
397 98 813 146 GENERATIVO
839 98 964 145 VEL
989 98 1294 145 SEMINALI
1328 98 1466 146 CAP.
1486 100 1617 146 XXV
1697 108 1788 156 141

107 238 445 300 cupiscentia
482 238 626 287 enim
669 238 845 288 coitus
884 237 1151 287 naturalis
1191 243 1289 287 est.
1342 236 1606 287 Nolentes
1646 238 1789 287 enim

107 325 394 363 movemur
437 313 491 361 in
537 325 674 362 earn.
730 311 838 362 Sed
885 325 1028 374 opus
1073 311 1366 362 manifeste
1411 312 1465 361 in
1507 312 1668 362 nobis
1708 319 1792 363 est

105 393 158 437 et
182 385 435 436 animale.
477 385 688 437 Etenim
719 400 815 449 per
845 388 1223 444 instrumenta,
1254 399 1394 448 quae
1425 391 1551 436 sunt
1577 386 1647 435 ad
1676 386 1791 448 pla-

105 462 287 519 citum,
312 460 610 523 perficitur,
641 468 698 512 ut
726 467 779 511 et
808 461 981 511 averti
1009 467 1064 511 et
1091 461 1367 511 abstinere
1391 475 1423 510 a
1447 460 1706 522 cupidine
1735 462 1787 510 in

58 550 80 583 5
103 535 264 585 nobis
294 537 378 586 sit.
425 535 792 587 Instrumenta
823 541 1007 586 autem
1043 535 1325 585 seminalis
1358 536 1577 586 virtutis
1612 536 1788 597 primo
1827 543 1853 583 2

104 610 325 672 quidem
355 616 481 660 sunt
512 623 688 660 venae
716 616 770 660 et
802 611 1048 660 arteriae.
1093 610 1149 658 In
1180 610 1266 659 his
1294 611 1438 660 enim
1467 611 1645 672 primo
1679 616 1787 660 tur-

103 684 266 734 bidus
303 691 599 747 generatur
638 684 836 734 humor
876 698 942 734 ex
985 685 1269 735 demutato
1312 685 1596 747 sanguine,
1636 684 1787 734 velut

103 760 154 807 in
197 758 456 809 uberibus
500 759 597 809 lac.
650 758 1057 809 Nutrimentum
1100 760 1245 808 enim
1286 759 1482 809 horum
1523 773 1784 809 vasorum

101 840 182 883 est
212 833 410 883 humor
444 835 571 890 iste;
604 834 805 884 etenim
840 835 1124 895 generatio
1159 834 1213 882 in
1247 834 1384 895 ipsis
1414 839 1498 884 est
1525 847 1594 883 ex
1628 834 1784 883 initio

35 920 78 955 10
101 908 340 957 seminis.
381 907 656 958 Imbibunt
688 908 855 970 igitur
886 908 1119 958 arteriae
1150 914 1205 958 et
1236 921 1411 957 venae
1444 909 1786 970 sanguinem,
1825 916 1855 957 3

101 988 158 1032 ut
190 987 407 1032 vertant
446 981 600 1031 illum
637 982 692 1031 in
730 981 1011 1032 turbidum
1048 981 1352 1032 humorem.
1400 981 1565 1037 Quod
1600 988 1784 1032 autem
1823 991 1848 1030 4

99 1062 351 1119 superest
369 1069 401 1105 a
423 1057 760 1107 nutrimento
780 1069 987 1113 earum,
1012 1055 1078 1106 fit
1101 1070 1303 1106 semen.
1327 1055 1586 1107 Elevatur
1600 1062 1784 1106 autem

101 1131 277 1193 primo
302 1130 524 1193 quidem
555 1143 652 1192 per
680 1130 886 1181 multos
916 1131 1173 1181 circuitus
1203 1131 1273 1180 ad
1304 1137 1484 1192 caput,
1510 1136 1563 1181 et
1588 1131 1782 1181 iterum

99 1219 132 1255 a
174 1206 351 1268 capite
397 1205 682 1255 descendit
726 1219 822 1266 per
866 1205 1006 1254 duas
1049 1218 1221 1255 venas
1262 1212 1317 1256 et
1359 1206 1499 1255 duas
1539 1206 1783 1256 arterias,

34 1293 77 1326 15
101 1278 260 1330 Unde
299 1280 344 1330 si
389 1280 511 1342 quis
550 1279 817 1330 exciderit
859 1293 1046 1337 venas,
1091 1293 1232 1342 quae
1275 1286 1402 1330 sunt
1442 1281 1584 1330 circa
1622 1294 1784 1330 aures

98 1361 151 1404 et
208 1355 349 1404 circa
409 1354 685 1405 carotidas
729 1355 845 1404 sine
892 1356 1099 1404 semine
1143 1354 1324 1405 reddit
1367 1354 1587 1404 animal.
1642 1354 1783 1405 Istae
1822 1364 1852 1403 52

98 1434 281 1479 autem
313 1441 488 1479 venae
522 1435 577 1479 et
611 1429 843 1479 arteriae
879 1428 1201 1481 efficiuntur
1236 1430 1410 1479 retina
1445 1435 1497 1480 et
1530 1430 1782 1480 varicosa

100 1502 409 1566 complexio
451 1504 592 1553 circa
635 1502 854 1554 lumbos
893 1509 948 1554 et
990 1502 1118 1554 inde
1160 1504 1461 1554 immittunt
1502 1503 1782 1554 turbidum

97 1578 382 1628 humorem
427 1579 481 1627 in
526 1584 820 1641 utrumque
867 1578 1271 1636 testiculorum;
1317 1580 1611 1642 unicuique
1669 1581 1784 1641 qui-

27 1664 72 1700 20
98 1651 222 1702 dem
262 1666 371 1702 una
412 1653 613 1702 arteria
651 1658 705 1703 et
747 1666 856 1702 una
894 1665 1037 1702 vena
1078 1652 1287 1714 repleta
1327 1654 1548 1703 semine.
1598 1653 1654 1702 In
1697 1653 1790 1702 his.

96 1731 279 1776 autem
323 1725 627 1789 perfectum
688 1740 874 1777 semen
929 1726 1176 1778 efficitur
1233 1733 1287 1778 et
1330 1741 1426 1789 per
1466 1728 1779 1777 varicosum

97 1806 432 1862 parastaton,
461 1801 610 1863 quod
642 1807 725 1852 est
756 1807 883 1863 post
914 1801 1214 1859 testiculos,
1238 1802 1488 1864 egeritur
1518 1816 1640 1852 curn
1671 1803 1780 1864 spi-

94 1875 215 1932 ritu,
256 1888 322 1925 eo
368 1874 516 1937 quod
560 1876 724 1926 etiam
768 1877 969 1927 arteria
1012 1877 1096 1934 sit,
1140 1889 1280 1939 quae
1321 1876 1561 1927 dimittit.
1613 1875 1776 1931 Quod
1815 1886 1849 1925 62

94 1978 206 1983 —-..-.
221 1977 304 1983 --.
312 1977 1782 1985 ————-—-—————-—————

171 2040 188 2080 1
226 2042 348 2080 enlm
374 2039 446 2081 PA
480 2040 580 2080 eius
607 2038 644 2081 C
674 2053 762 2081 om.
787 2041 850 2089 Β,-
880 2042 991 2092 fort.
1017 2043 1154 2082 etiam
1189 2039 1317 2092 (καὶ),
1350 2043 1406 2093 cf.
1433 2044 1544 2083 adn.
1572 2046 1660 2091 138,
1676 2046 1729 2081 23

93 2103 163 2140 est
194 2099 410 2140 naturalis
434 2096 582 2150 (1ι.ο.)
606 2100 640 2140 A
675 2100 880 2141 naturale
911 2104 982 2141 est
1007 2099 1088 2142 CB
1210 2101 1235 2141 2
1276 2106 1347 2142 est
1378 2103 1424 2142 in
1458 2102 1594 2142 nobIs
1628 2101 1782 2141 manif.

92 2156 160 2208 (h.
195 2156 259 2208 ο.)
291 2159 325 2200 Α
495 2158 521 2199 4
555 2163 603 2200 ut
634 2171 724 2200 om.
756 2160 796 2200 D
919 2161 1173 2210 cupiditate
1206 2162 1240 2202 A
1403 2162 1429 2201 5
1462 2162 1520 2201 sit
1553 2159 1638 2202 PC
1669 2161 1719 2200 nt
1751 2161 1784 2201 A

93 2222 163 2259 est
193 2219 231 2259 Β
332 2219 359 2258 6
391 2222 497 2259 sunt
526 2221 639 2270 post
668 2230 817 2260 venae
846 2231 958 2270 pon.
993 2218 1093 2270 CB,
1123 2223 1238 2270 post
1268 2222 1458 2262 arteriae
1490 2221 1523 2261 A
1631 2220 1655 2260 7
1690 2232 1786 2260 mu-

93 2281 186 2318 tato
219 2278 253 2319 A
340 2278 366 2318 8
400 2279 722 2319 nutrImentum
754 2280 878 2319 enim
911 2279 1070 2320 horum
1104 2290 1316 2320 vasorum
1342 2280 1381 2320 Ρ
1411 2281 1785 2321 nutrimentorum

93 2348 303 2378 vasorum
330 2336 415 2379 AC
446 2338 657 2378 nutrim**
689 2335 735 2386 (3
764 2339 862 2389 fere
894 2338 1006 2389 litt.)
1040 2340 1145 2379 ua**
1178 2337 1309 2388 (2—3
1332 2337 1444 2389 litt.)
1469 2340 1507 2380 Β
1538 2340 1784 2379 nutrimen-

93 2400 186 2437 tum
219 2398 342 2437 enim
375 2408 587 2437 vasorum
621 2398 780 2437 horum
813 2395 879 2446 (h.
912 2396 976 2448 ο.)
1008 2399 1080 2439 Ηο
1112 2399 1223 2449 fort.
1258 2401 1391 2447 recte,
1434 2399 1490 2449 cf.
1524 2400 1784 2439 orationem

94 2455 319 2498 Graecam
487 2457 514 2496 9
546 2459 616 2498 est
645 2460 758 2507 post
789 2458 951 2497 humor
978 2470 1090 2509 pon.
1123 2458 1157 2499 A
1268 2487 1273 2493 .
1315 2458 1367 2498 10
1401 2459 1534 2508 igitur
1566 2470 1657 2499 om.
1691 2458 1728 2499 B

97 2514 150 2555 12
182 2513 354 2565 earum]
390 2517 692 2557 membrorum
726 2517 759 2557 A
854 2520 1006 2558 autem
1039 2529 1128 2557 om.
1162 2518 1195 2558 A
1354 2518 1406 2558 14
1439 2529 1466 2558 a
1498 2517 1545 2558 Μ
1578 2518 1636 2558 de
1667 2518 1705 2558 Β

98 2574 152 2614 16
183 2576 409 2616 carotidas
440 2576 513 2616 Ho
547 2576 794 2616 carotidam
828 2572 1132 2626 (carrodidam
1166 2575 1222 2627 Β)
1255 2576 1296 2618 O
1453 2577 1506 2617 18
1538 2578 1784 2617 immittun-

94 2638 162 2674 tur
195 2633 234 2675 C
352 2635 406 2675 19
438 2636 485 2676 in
517 2639 757 2685 utrumque
790 2630 1169 2690 testicul<or>um
1202 2647 1288 2686 eqo
1321 2631 1405 2685 (cic
1437 2632 1658 2687 ἑκάτερον
1689 2635 1796 2675 τῶν

95 2689 318 2743 διδύμων)
357 2695 405 2735 in
445 2699 686 2745 utrumque
718 2696 975 2736 testiculum
1008 2696 1049 2735 D
1090 2697 1136 2735 in
1170 2699 1388 2746 utrosque
1420 2696 1657 2736 testiculos
1690 2696 1729 2736 Ρ

95 2752 151 2791 20
183 2750 377 2803 semine]
410 2756 639 2804 sanguine
671 2755 704 2795 A
814 2754 865 2795 21
902 2752 1175 2803 varicosum]
1209 2766 1421 2796 vasorum
1454 2755 1489 2797 A
1595 2755 1650 2796 22
1686 2766 1784 2805 par-

95 2815 278 2852 astoton
303 2809 587 2862 (parastaton
611 2811 667 2863 A)
693 2815 819 2863 quod
845 2813 885 2855 Ο
914 2818 1187 2864 parastaten,
1214 2815 1291 2864 qui
1316 2815 1389 2856 Ho
1414 2827 1535 2866 quae
1560 2818 1795 2866 exspect:-

94 2872 176 2912 sed
208 2872 506 2922 interpretem
539 2874 773 2923 corriyere
805 2875 936 2915 nolui
1102 2872 1156 2913 23
1190 2884 1247 2914 eo
1282 2875 1407 2924 quod
1441 2875 1576 2915 etiam
1611 2875 1690 2915 PA
1726 2885 1794 2915 eo⁸

96 2932 231 2971 etiam
266 2942 402 2981 quam
437 2931 474 2973 C
503 2943 561 2973 eo
594 2934 719 2982 quod
751 2933 788 2973 B
910 2934 959 2973 fit
991 2934 1027 2973 Β
