1982 3172
136 393 191 434 34

136 1136 190 1176 35

137 1284 191 1324 36

224 105 293 154 32
589 94 846 143 NEMESn
880 94 1196 143 PREMNON
1228 95 1554 144 PHYs1con

225 247 343 296 que,
375 234 523 297 quod
556 233 881 297 disciplinae
912 235 1399 285 rememorationes
1428 236 1551 286 sint.
1592 235 1711 286 Hoc
1739 238 1905 299 igitur

223 314 510 371 acceptum
563 307 717 359 velut
768 307 1126 359 manifestum
1180 307 1427 371 explevit
1478 310 1747 362 rationem
1802 310 1908 361 hoc

223 382 419 433 modo:
444 379 517 432 ‘Si
544 381 869 445 disciplinae
895 383 1383 434 rememorationes
1407 390 1551 443 sunt,
1575 390 1693 436 erat
1715 390 1907 436 nostra

224 458 423 515 anima,
445 463 741 519 antequam
765 458 822 506 in
843 456 1068 508 homine
1090 455 1264 508 fieret.
1299 456 1409 508 Sed
1433 459 1480 508 si
1495 457 1786 510 harmonia
1805 466 1906 518 est,

224 532 375 593 prius
400 530 623 593 quidem
648 544 759 581 non
783 537 915 590 erat,
940 530 1039 582 sed
1063 533 1342 595 posterius
1366 531 1515 583 facta
1531 538 1615 584 est
1637 532 1905 596 adaptato
1952 549 1976 584 5

224 618 468 667 corpore.
515 603 709 654 Omnis
748 606 892 654 enim
932 606 1262 667 compositio
1299 619 1411 656 non
1449 605 1608 657 aliter
1644 619 1704 657 se
1737 606 1903 658 habet

224 692 388 741 quam
417 678 525 737 illa,
553 692 622 729 ex
650 679 849 742 quibus
878 685 1108 731 constat.
1135 679 1278 730 Nam
1302 681 1617 732 communio
1633 681 1906 744 quaedam

222 760 307 804 est
350 755 784 815 compositorum
830 755 1176 817 compositio,
1219 755 1511 805 harmonia
1552 756 1810 815 existens,
1853 762 1907 808 et

223 841 334 878 non
371 828 605 890 impedit
642 841 765 878 eam
803 842 915 878 non
955 830 1324 891 praecessisse
1363 843 1444 888 ea,
1481 843 1551 880 ex
1585 829 1785 893 quibus
1823 836 1908 882 est

223 903 547 965 composita,
580 902 677 953 sed
711 904 897 965 potius
931 903 1209 966 subsequi.
1251 903 1556 967 Oppugnat
1586 905 1755 967 igitur
1783 904 1907 955 har·
1934 918 1977 954 ιο

223 977 466 1026 moniam
506 990 631 1027 esse
672 978 913 1027 animam
955 983 1010 1028 et
1052 977 1375 1041 disciplinas
1418 979 1906 1030 rememorationes

222 1065 360 1100 esse.
407 1050 516 1101 Sed
554 1051 659 1102 hoc
694 1066 885 1102 verum
922 1058 1030 1108 est;
1067 1051 1272 1102 falsum
1310 1054 1478 1115 igitur
1506 1054 1747 1103 animam
1783 1053 1906 1104 har-

224 1126 466 1175 moniam
499 1138 639 1176 esse.
684 1125 955 1189 Amplius
992 1128 1177 1176 anima
1209 1133 1265 1178 et
1299 1133 1573 1190 repugnat
1608 1128 1825 1190 corpori
1852 1133 1908 1179 et

224 1199 584 1262 principalem
624 1199 835 1251 obtinet
874 1202 1144 1251 rationem
1186 1200 1479 1252 dominans
1518 1203 1583 1252 ei.
1635 1200 1745 1252 Sed
1784 1201 1907 1252 har-

224 1275 410 1324 monia
449 1288 627 1337 neque
670 1275 950 1338 praecedit
992 1288 1171 1338 neque
1213 1282 1518 1338 oppugnat.
1572 1275 1698 1326 Non
1739 1276 1908 1339 igitur
1932 1289 1976 1325 15

224 1354 307 1399 est
358 1349 543 1399 anima
582 1349 887 1400 harmonia.
953 1349 1102 1407 Item,
1155 1350 1445 1400 harmonia
1498 1350 1568 1400 ab
1618 1350 1906 1401 harmonia

224 1423 402 1485 magis
438 1428 492 1474 et
526 1423 710 1473 minus
746 1430 830 1474 est
865 1423 1154 1474 harmonia
1191 1425 1246 1473 in
1283 1424 1613 1474 remittendo
1644 1430 1697 1474 et
1733 1425 1905 1476 inten-

225 1496 408 1547 dendo
434 1510 545 1547 non
573 1498 784 1548 ratione
811 1497 1146 1548 harmoniae.
1186 1497 1533 1561 Impossibile
1559 1511 1798 1560 namque
1823 1504 1908 1549 est

224 1571 402 1633 magis
444 1576 500 1623 et
544 1572 727 1622 minus
772 1571 989 1630 habere,
1033 1573 1139 1622 nisi
1186 1574 1240 1621 in
1287 1573 1606 1623 sonoritate.
1656 1571 1714 1623 Si
1758 1573 1904 1623 enim

223 1650 417 1696 acutus
443 1659 615 1697 sonus
638 1651 694 1697 et
718 1647 905 1708 gravis
931 1645 1191 1708 deinceps
1218 1651 1611 1708 permutentur,
1636 1646 1905 1697 rationem
1931 1658 1977 1694 20

225 1719 447 1782 quidem
475 1719 708 1771 eandem
739 1720 1038 1771 servabunt
1066 1721 1122 1770 in
1150 1720 1532 1783 magnitudine
1561 1733 1777 1778 vocum,
1807 1720 1906 1771 sed

224 1795 685 1856 permutationem
739 1795 971 1857 suscipit
1023 1795 1312 1846 harmonia
1352 1795 1654 1845 secundum
1695 1796 1905 1845 sonori·

224 1874 391 1918 tatem
418 1869 598 1931 magis
624 1874 678 1919 et
703 1870 886 1919 minus
913 1875 1156 1920 extensa.
1191 1869 1394 1919 Anima
1419 1875 1603 1920 autem
1625 1868 1695 1918 ab
1720 1869 1906 1919 anima

223 1955 333 1992 non
362 1942 465 1993 erit
493 1943 673 2006 magis
687 1950 740 1994 et
753 1944 951 1994 minus.
967 1943 1268 1994 Harmonia
1282 1944 1449 2006 igitur
1465 1956 1579 1993 non
1592 1943 1695 1994 erit
1706 1942 1906 1993 anima.

299 2093 318 2132 1
363 2093 454 2132 sint
485 2103 669 2134 remem.
704 2092 786 2134 CB
824 2089 934 2142 (hoc
966 2090 1089 2142 ord.)
1129 2096 1235 2132 sunt
1274 2103 1459 2134 remem.
1482 2092 1517 2132 A
1699 2090 1727 2132 2
1765 2091 1910 2131 mani-

222 2153 385 2193 festam
416 2151 451 2191 A
596 2152 798 2201 explevit
828 2152 1110 2202 D‘explebit
1133 2152 1172 2192 Ρ
1313 2151 1429 2191 3--4
1461 2152 1543 2192 erIt
1573 2151 1727 2191 anima
1756 2152 1911 2191 nostra

222 2215 469 2260 antequam
504 2210 585 2252 CB
614 2214 711 2252 erat
741 2208 831 2251 asia
862 2212 1016 2251 anima
1047 2214 1202 2252 nostra
1235 2222 1371 2260 quam
1394 2211 1430 2252 A
1546 2210 1662 2250 5--6
1692 2209 1910 2258 adaptato

206 2280 414 2319 ⁴corpore
446 2281 501 2311 ex
532 2271 703 2320 adapto
736 2271 939 2320 corporis
970 2282 1089 2311 corr.
1113 2264 1175 2310 Α2
1235 2270 1262 2310 8
1294 2271 1496 2310 existens
1527 2268 1574 2309 M
1604 2271 1793 2309 ostensa
1814 2267 1854 2308 Β

227 2330 279 2370 10
310 2330 533 2379 subsequi
565 2341 621 2371 ex
651 2331 875 2379 consequi
907 2341 1025 2370 corr.
1050 2323 1111 2369 Α2
1234 2329 1283 2369 11
1319 2330 1518 2369 animam
1550 2337 1655 2368 esse
1684 2326 1769 2367 AB
1799 2323 1911 2375 (hoc

223 2386 345 2437 ord.)
378 2390 577 2429 animam
618 2399 723 2430 esse
754 2390 907 2428 anima
942 2388 978 2429 C
1099 2388 1152 2429 12
1193 2399 1297 2429 esse
1328 2399 1418 2428 om.
1448 2387 1482 2428 A
1602 2388 1717 2437 post
1747 2385 1909 2426 falsum

223 2450 334 2490 add.
367 2451 436 2488 est
466 2449 504 2488 B
685 2447 738 2488 14
778 2449 868 2488 hoc
907 2447 1007 2488 disis
1047 2445 1317 2498 (utrumque
1355 2448 1443 2488 del.
1476 2448 1523 2487 et
1559 2447 1608 2486 in
1640 2456 1789 2495 mat-y.
1821 2456 1910 2485 scr.

225 2507 468 2548 dominans
500 2509 543 2548 ei
575 2520 634 2549 m.
657 2505 704 2558 2)
734 2507 769 2547 A
912 2507 964 2546 15
998 2507 1231 2556 praecedit
1259 2516 1413 2555 neque
1443 2517 1532 2546 om.
1564 2504 1598 2544 A
1738 2503 1911 2544 15—16

225 2568 359 2616 igitur
390 2571 459 2607 est
490 2570 674 2618 transp.
709 2566 790 2607 CB
981 2566 1033 2606 17
1073 2565 1442 2606 remittendorum
1475 2563 1759 2604 intendendo
1789 2562 1828 2603 Β
1865 2565 1911 2604 et

226 2625 507 2666 intendendo
541 2637 630 2667 om.
654 2627 690 2667 A
817 2625 870 2665 18
903 2635 997 2665 non
1030 2626 1205 2665 ratione
1235 2624 1276 2664 P
1304 2624 1527 2664 rationem
1558 2623 1599 2663 D
1691 2617 1908 2673 namque]

226 2685 360 2734 igitur
382 2685 416 2724 A
572 2685 627 2725 19
658 2683 764 2734 nisi]
798 2695 894 2724 non
918 2685 952 2725 A
1098 2683 1155 2724 20
1185 2693 1329 2727 sonus
1356 2684 1471 2732 post
1499 2682 1650 2731 gravis
1677 2692 1791 2732 pon.
1813 2680 1853 2720 Β

221 2745 335 2793 post
372 2745 522 2792 gravis
560 2745 693 2784 deest
729 2745 924 2795 interpr.
955 2744 1080 2784 verb.
1119 2739 1277 2782 ἔπειτα
1315 2737 1508 2779 ἀνεθῶει
1681 2739 1733 2780 21
1774 2739 1911 2780 eand.

225 2812 339 2842 serv.
372 2804 554 2852 transp.
579 2803 617 2842 Β
736 2804 783 2844 in
815 2798 1148 2853 magnitudine]
1182 2800 1544 2851 magnitudinem
1571 2798 1610 2840 C
1722 2798 1852 2840 vocis
1873 2797 1909 2838 A

284 2860 340 2900 24
372 2862 464 2900 exit
493 2862 527 2901 A
682 2862 829 2912 magis
860 2872 915 2902 ex
946 2862 1093 2902 maius
1125 2871 1244 2901 corr.
1275 2853 1355 2909 ΡΙ,
1388 2861 1442 2900 ut
1470 2860 1563 2900 vid.
1701 2857 1836 2908 igitur
1865 2855 1912 2896 M

226 2924 375 2960 autem
401 2919 438 2958 Β
