1982 3172
570 92 654 138 DE
687 88 989 137 MEMomA
1025 87 1294 135 CAP.X111
1709 93 1780 142 39

92 239 275 286 autem
311 231 381 283 sit
419 230 559 288 idea,
597 229 651 279 in
692 226 1049 291 sequentibus
1088 225 1314 276 dicetur.
1363 222 1776 274 phantasticum
1813 232 1840 272 6

92 308 258 373 igitur
299 305 466 359 tradit
511 302 823 355 dinoscibili
867 300 1207 365 apparentia.
1265 297 1603 349 Dinoscibile
1644 310 1777 348 vero

92 381 180 434 vel
216 380 486 433 rationale
525 378 800 442 accipiens
837 383 892 428 et
933 374 1243 426 diiudicans
1284 372 1603 425 transmittit
1640 370 1777 422 illud

92 455 413 508 memoriali.
454 454 632 504 Huius
663 465 797 503 vero
830 452 1196 502 instrumenta
1230 454 1357 499 sunt
1391 447 1664 511 posterior
1697 460 1779 496 ce·
1817 456 1840 495 7

47 547 72 582 5
94 531 233 583 rebri
256 535 463 587 venter,
492 542 654 591 quem
683 524 1148 590 parencephalida
1176 529 1230 574 et
1259 521 1658 586 parencranida
1685 535 1781 571 vo-

94 611 218 657 cant
256 611 310 656 et
352 603 578 667 spiritus
618 600 890 658 animalis,
933 600 1025 663 qui
1068 605 1151 650 est
1192 598 1246 648 in
1283 611 1367 648 eo,

159 679 302 736 Quia
337 692 470 730 vero
513 690 775 729 sensuum
815 675 970 725 initia
1009 679 1064 725 et
1102 673 1316 724 radioes
1356 671 1659 723 anteriores
1698 685 1780 721 ce·
1817 680 1843 720 8

96 755 237 806 rebri
269 759 490 805 ventres
530 751 771 802 diximus
805 763 946 807 esse,
986 747 1328 799 dinoscibilis
1366 760 1499 797 vero
1536 745 1781 797 medium

95 835 148 882 et
177 827 512 880 memorialis
547 825 927 890 posteriorem,
962 828 1182 886 oportet
1214 836 1362 872 nunc
1394 820 1701 877 ostendere,
1737 820 1781 871 si

32 919 75 955 10
95 904 231 955 haec
260 903 366 954 hoc
400 900 570 952 modo
606 913 668 951 se
700 899 956 956 habe-ant,
992 911 1061 948 ne
1095 897 1386 947 videamur
1421 896 1538 947 sine
1571 896 1782 947 ratione

97 977 242 1030 dicta
279 975 514 1028 credere.
566 973 713 1026 Satis
750 986 883 1024 vero
923 978 1009 1023 est
1049 971 1340 1023 sufficiens
1380 970 1781 1021 demonstratio

93 1051 164 1103 ab
190 1051 314 1115 ipso
347 1055 473 1101 actu
504 1048 877 1100 membrorum
909 1052 1214 1109 assumpta.
1256 1045 1642 1096 Ante-rioribus
1673 1050 1784 1095 ete·
1819 1054 1846 1094 9

92 1126 207 1178 nim
229 1124 514 1177 ventribus
545 1122 965 1187 quomodolibet
991 1120 1159 1173 laesis
1190 1134 1386 1172 sensus
1416 1119 1784 1183 praepediun-

95 1207 183 1252 tur
214 1206 268 1252 et
305 1198 632 1250 dinoscibile
664 1202 850 1248 manet
885 1196 1155 1247 illaesum.
1205 1195 1391 1246 Medio
1428 1208 1560 1245 vero
1595 1199 1784 1245 ventre

33 1289 75 1326 15
98 1275 339 1339 patiente
371 1273 492 1325 solo
527 1273 667 1324 ratio
701 1271 1096 1324 interturbatur
1129 1275 1184 1321 et
1219 1284 1416 1321 sensus
1450 1274 1674 1320 manent
1706 1269 1784 1319 in-

98 1349 252 1414 tegri.
293 1348 350 1400 Si
382 1361 517 1399 vero
551 1353 606 1399 et
638 1347 942 1398 anteriores
974 1351 1030 1397 et
1062 1345 1280 1396 medius
1311 1350 1503 1396 venter
1534 1344 1783 1407 perpessi

99 1423 316 1482 fuerint,
351 1423 491 1474 ratio
531 1421 694 1473 simul
733 1435 855 1472 cum
896 1420 1150 1472 sensibus
1189 1419 1453 1477 aufertur,
1493 1419 1783 1483 posteriori

98 1512 229 1550 vero
283 1497 524 1562 patiente
580 1496 847 1547 memoria
902 1495 1269 1558 corrumpitur
1326 1494 1580 1545 sensibus
1621 1499 1785 1557 atque

98 1578 279 1624 mente
309 1571 661 1624 manentibus
698 1570 920 1622 illaesis,
968 1569 1265 1621 Sciendum
1300 1582 1450 1627 vero,
1489 1568 1638 1632 quod
1675 1582 1785 1619 non
1826 1594 1836 1603 -

29 1662 74 1699 20
97 1653 181 1700 est
210 1647 372 1699 nobis
409 1660 590 1698 sermo
624 1659 771 1696 nunc
806 1645 875 1696 de
910 1645 1156 1696 motione
1190 1644 1262 1695 ad
1298 1643 1576 1707 placitum.
1620 1642 1784 1699 Quod

99 1722 143 1773 si
176 1735 298 1772 cum
333 1721 701 1772 anterioribus
735 1721 901 1771 etiarn
936 1725 990 1771 et
1024 1719 1242 1770 medius
1277 1725 1330 1770 et
1363 1719 1636 1783 posterior
1668 1717 1785 1769 fue-

100 1796 206 1847 rint
226 1795 474 1859 perpessi
498 1801 551 1847 et
574 1794 993 1846 sensibilitatem
1016 1799 1072 1845 et
1095 1794 1364 1844 rationem
1388 1798 1443 1844 et
1462 1793 1785 1844 memoriam

102 1869 264 1922 simul
306 1874 687 1934 corrumpunt;
731 1869 880 1920 unde
920 1874 974 1920 et
1018 1869 1110 1926 sic,
1154 1882 1281 1919 cum·
1320 1868 1373 1919 in
1416 1874 1533 1919 toto
1574 1867 1787 1931 pericli-

103 1950 262 2002 tatur,
293 1943 612 2007 deperditur
644 1943 864 1994 animal.
978 1943 1135 1995 Patet
1165 1948 1350 1994 autem
1383 1942 1490 1994 hoc
1522 1956 1620 2006 per
1649 1942 1788 1993 mul·
1828 1950 1879 1990 10

34 2035 79 2071 25
101 2024 188 2070 tas
214 2017 352 2069 alias
385 2018 674 2082 passiones
704 2023 869 2082 atque
902 2023 1292 2082 symptomata,
1326 2017 1423 2068 sed
1454 2018 1693 2068 maxime
1720 2031 1787 2068 ex

104 2093 373 2156 phrenesi.
415 2092 859 2143 Phreneticorum
895 2106 1133 2156 namque
1168 2092 1393 2155 quidam
1430 2106 1627 2143 sensus
1663 2106 1788 2143 con-
1828 2099 1875 2139 11

179 2214 199 2255 1
235 2217 387 2257 autem
420 2215 479 2255 sIt
510 2215 694 2265 transp.
726 2214 764 2255 Β
907 2215 1011 2264 idee
1043 2215 1078 2256 A
1112 2216 1218 2256 idee
1251 2215 1291 2256 Ρ
1319 2215 1485 2266 ydeam
1517 2214 1555 2255 Β
1587 2215 1789 2255 idearum

102 2270 190 2326 (By
220 2274 275 2315 El
304 2273 402 2313 τῶν
433 2267 591 2324 ἰδεῶν)
623 2273 697 2315 Ηο
863 2274 890 2315 3
922 2276 1098 2316 ratione
1128 2274 1166 2315 Β
1340 2274 1366 2314 5
1400 2285 1542 2324 paren
1576 2274 1789 2314 cranida*

102 2330 145 2383 (s
177 2345 298 2376 eras.
330 2331 443 2384 vid.)
477 2334 516 2375 Ρ
618 2333 720 2374 voc'
753 2333 786 2373 A
956 2334 983 2374 6
1015 2337 1086 2375 est
1117 2335 1163 2374 in
1196 2345 1255 2375 eo
1288 2334 1327 2374 P
1357 2337 1427 2375 est
1458 2334 1506 2373 in
1539 2334 1642 2382 ipso
1675 2332 1710 2373 A
1745 2333 1791 2372 in

103 2394 205 2444 ipso
237 2396 307 2435 est
338 2390 405 2443 (h.
438 2390 503 2443 ο.)
534 2393 571 2434 Β
763 2393 787 2433 7
821 2394 930 2435 inde
962 2394 1023 2435 ab
1057 2393 1178 2440 Quia
1209 2395 1395 2435 initium
1428 2405 1532 2444 cap.
1566 2393 1676 2433 ηουί
1707 2394 1794 2434 aut

101 2454 400 2504 paraqraphi
430 2454 590 2504 spatio
619 2453 803 2503 primae
833 2454 1021 2495 litterae
1054 2453 1094 2505 Q
1126 2465 1275 2495 vacuo
1302 2454 1463 2494 relicto
1488 2452 1734 2503 siqnificat
1756 2452 1794 2492 Β

163 2511 190 2552 8
222 2513 312 2554 dix.
344 2523 449 2555 esse
481 2514 664 2563 transp.
698 2511 731 2553 A
819 2512 1081 2554 dinoscibili
1114 2509 1156 2562 (s
1187 2514 1322 2564 final.
1355 2513 1510 2563 suppl.
1536 2523 1594 2552 m.
1617 2509 1663 2561 2)
1697 2512 1736 2553 Ρ

110 2569 163 2611 10
192 2572 429 2614 videamur
460 2567 499 2621 (r
530 2583 585 2614 ex
615 2583 637 2612 s
670 2583 728 2613 m.
762 2574 815 2613 ut
846 2573 938 2614 vid.
970 2569 1015 2622 2)
1048 2573 1088 2613 Ρ
1117 2573 1358 2614 videantur
1388 2571 1424 2613 A
1610 2570 1663 2612 12
1697 2574 1791 2613 ete-

106 2630 199 2671 nim
229 2630 268 2671 Β
297 2627 401 2681 (μὲν
431 2627 541 2683 γὰρ)
572 2632 696 2674 enlm
729 2630 808 2672 PA
950 2631 1004 2672 13
1035 2633 1250 2674 sensibus
1282 2632 1319 2672 Β
1457 2630 1511 2671 15
1544 2631 1796 2671 inturbatur

105 2689 186 2731 PA
320 2689 494 2732 15-16
521 2693 635 2742 post
666 2691 829 2741 integri
861 2692 907 2732 d.
932 2692 961 2732 i.
987 2703 1028 2733 υ.
1053 2687 1352 2741 φυλάττοντα
1383 2687 1472 2740 τὴν
1506 2686 1624 2729 κατὰ
1655 2686 1794 2741 φύειν

106 2745 308 2799 dicentur
496 2749 549 2791 17
582 2750 718 2792 simul
749 2751 789 2791 Ρ
817 2750 1023 2792 similiter
1052 2750 1136 2792 AB
1271 2751 1469 2793 aufertur
1499 2761 1554 2791 ex
1585 2749 1795 2792 auferunt

106 2811 222 2852 nota
254 2820 402 2861 snpra
433 2812 450 2850 t
480 2811 666 2852 mutata
698 2803 759 2851 Ρ2
882 2809 935 2851 18
968 2807 1124 2861 atque]
1158 2813 1203 2852 et
1234 2810 1268 2852 A
1400 2809 1456 2851 20
1488 2820 1639 2852 sermo
1671 2820 1795 2852 nunc

106 2871 291 2922 transp.
322 2867 358 2911 A
525 2869 581 2911 22
614 2880 748 2912 mem.
782 2872 828 2912 et
860 2873 939 2912 rat.
971 2867 1037 2921 (h.
1070 2867 1136 2921 ο.)
1165 2870 1204 2912 Β
1369 2870 1425 2912 23
1457 2870 1525 2912 sic
1551 2871 1667 2922 post
1696 2871 1794 2912 toto

104 2941 217 2983 pon.
250 2928 290 2970 Ρ
431 2927 485 2969 25
518 2931 824 2981 symptomata
856 2929 928 2971 Ηο
961 2931 1207 2972 sintomata
1238 2929 1321 2972 ΡΒ
1412 2930 1669 2972 sincomata
1698 2928 1734 2970 A
