1982 3172
481 612 903 680 PREMNON
952 610 1394 679 PHYSICON

170 772 216 821 Α
236 771 416 821 multis
436 775 486 819 et
502 769 858 831 prudentibus
871 769 999 817 viris
1018 767 1396 817 confirmatum
1414 774 1494 817 est
1509 767 1790 818 hominem
1828 732 1851 842 ξ

95 859 161 896 ex
187 847 370 895 anima
402 842 742 906 intellegibili
769 847 821 893 et
847 855 1074 904 corpore
1099 847 1208 891 tam
1237 842 1379 891 bene
1407 843 1791 904 compositum,

96 926 152 971 ut
176 932 526 982 nequaquam
553 918 850 980 oportuerit
883 930 1010 967 eum
1036 915 1188 966 aliter
1221 916 1334 966 fieri
1360 916 1448 965 vel
1477 917 1790 967 consistere.

47 1007 71 1039 5
95 993 203 1045 Sed
237 1008 302 1044 ex
338 1007 420 1051 eo,
455 991 605 1055 quod
639 990 1051 1055 intellegibilem
1085 991 1288 1041 habere
1316 990 1508 1040 dicitur
1533 992 1790 1050 animam,
1827 1005 1852 1044 2

93 1068 488 1119 dubitationem
508 1066 728 1124 habent,
745 1071 922 1116 utrum
937 1066 1333 1127 superveniens
1353 1065 1659 1116 intellectus
1678 1067 1791 1115 ani-

94 1157 215 1192 mae
249 1148 306 1192 ut
339 1141 478 1192 alius
512 1140 676 1191 aliam
711 1139 1124 1203 intellegibilem
1152 1154 1274 1191 eam
1309 1140 1507 1199 iecerit,
1542 1154 1611 1190 an
1638 1141 1790 1191 intel-

93 1217 290 1268 lectum
324 1217 509 1266 anima
541 1230 574 1265 a
603 1229 666 1266 se
699 1217 821 1278 ipsa
852 1214 1165 1265 naturaliter
1191 1215 1497 1277 possederit
1532 1220 1582 1265 et
1610 1215 1697 1266 hic
1723 1217 1790 1265 sit

93 1292 210 1342 eius
243 1292 451 1353 optima
483 1303 607 1353 pars
637 1295 694 1340 ut
718 1289 911 1340 oculus
937 1290 1194 1352 corporis,
1236 1287 1346 1339 Sed
1377 1289 1618 1352 quidam,
1654 1305 1788 1353 quo·
1823 1303 1848 1342 3

27 1376 69 1410 io
93 1380 209 1416 rum
244 1371 323 1416 est
356 1364 676 1422 PlotinuS,
717 1364 880 1414 aliam
915 1378 1039 1414 esse
1072 1364 1315 1413 animam
1350 1368 1401 1414 et
1434 1363 1602 1414 alium
1638 1363 1790 1416 intel-

92 1440 288 1491 lectum
332 1440 595 1490 docentes
636 1452 702 1488 ex
743 1439 913 1489 tribus
959 1438 1242 1488 hominem
1291 1444 1542 1489 constare
1582 1438 1791 1497 volunt,

91 1528 315 1577 corpore
349 1513 555 1565 scilicet
595 1518 648 1564 et
688 1514 873 1564 anima
913 1519 965 1563 et
1006 1512 1298 1564 intellectu.
1351 1511 1508 1568 Quos
1550 1515 1790 1564 imitatus

28 1630 30 1632 .
90 1595 171 1639 est
194 1588 619 1651 Apolinarius
644 1587 998 1639 Laodicensis
1033 1589 1343 1650 episcopus.
1395 1586 1515 1638 Hoc
1548 1602 1790 1651 namque

89 1663 309 1714 firmans
358 1662 775 1713 fundamentum
825 1664 1076 1725 propriae
1125 1664 1430 1713 sententiae
1481 1668 1531 1713 et
1580 1662 1790 1726 reliqua
1823 1720 1826 1723 ,

24 1747 67 1781 1⁵
88 1737 564 1799 superaedificavit
580 1736 886 1788 secundum
905 1737 1208 1788 doctrinam
1228 1739 1520 1799 propriam.
1548 1735 1787 1792 Quidam
1823 1751 1850 1790 4

88 1825 218 1862 vero
252 1826 363 1863 non
397 1817 655 1874 separant
686 1811 755 1862 ab
789 1812 975 1861 anima
1008 1811 1360 1869 intellectum,
1405 1812 1502 1862 sed
1539 1826 1673 1863 suae
1708 1827 1789 1862 es-

89 1887 299 1936 sentiae
339 1885 691 1949 principalem
733 1900 857 1936 esse
898 1885 1050 1936 illum
1096 1892 1430 1936 asseverant.
1538 1885 1788 1938 Aristo·
1821 1893 1850 1932 5

165 2002 184 2042 1
224 2001 453 2044 Premnon
494 2003 719 2054 physicon
760 2015 847 2054 eyo
888 2003 1086 2044 Pre'non
1131 2004 1345 2053 phisicon
1390 2003 1428 2044 C
1465 2004 1631 2054 Incipit
1675 2005 1793 2045 liber

90 2071 300 2112 prepnon
333 2062 498 2103 lisicon
523 2063 562 2103 Ρ
591 2062 755 2112 Incipit
787 2074 997 2113 prennon
1031 2063 1199 2103 fisicon
1232 2065 1429 2104 nemesii
1463 2059 1541 2114 epi
1565 2064 1599 2104 A
1635 2075 1727 2105 om.
1752 2065 1792 2105 B

147 2123 194 2162 in
213 2133 362 2171 mary.
387 2120 634 2163 Nemesius
658 2123 910 2172 episcopus
933 2134 1099 2174 graece
1124 2122 1233 2163 fecit
1257 2123 1422 2163 librum
1448 2134 1587 2173 quem
1604 2125 1790 2164 vocavit

23 2208 28 2217 .
89 2191 298 2229 prennon
323 2182 536 2231 phisicon
561 2182 607 2222 id
632 2185 704 2222 est
725 2183 870 2232 stipes
894 2183 1182 2223 naturalium.
1228 2184 1352 2223 hunc
1376 2183 1603 2224 transtulit
1626 2182 1684 2224 N.
1709 2182 1787 2223 Al-

89 2239 221 2281 lanus
260 2241 638 2291 archiepiscopus
670 2240 846 2282 Salerni
877 2243 989 2283 add.
1021 2242 1054 2282 A
1196 2242 1222 2282 2
1255 2242 1289 2282 Α
1326 2243 1519 2283 vocibus
1560 2241 1601 2282 A
1635 2243 1790 2283 multis

88 2300 254 2350 incipit
285 2302 441 2342 textus
473 2302 697 2342 emtionis
728 2300 1129 2352 Holzinoerianae
1221 2305 1267 2342 et
1298 2314 1387 2342 om.
1421 2302 1468 2342 M
1620 2302 1647 2342 5
1679 2303 1787 2342 hab.

88 2359 174 2399 dic.
220 2362 402 2411 tran-sp.
433 2360 466 2400 A
561 2359 590 2400 6
621 2360 762 2401 intell.
795 2361 978 2401 animae
1011 2364 1193 2413 transp.
1225 2362 1259 2402 A
1368 2362 1393 2401 7
1427 2372 1529 2402 eam
1563 2373 1652 2402 om.
1684 2362 1728 2402 D

88 2416 115 2456 8
147 2419 334 2459 anima*
370 2416 432 2468 (m
466 2417 608 2469 eras.)
642 2419 684 2461 C
756 2431 783 2460 a
813 2431 866 2460 se
898 2420 1002 2470 ipsa
1031 2432 1122 2462 om.
1155 2422 1188 2462 A
1270 2424 1316 2461 et
1339 2420 1386 2461 Μ
1418 2425 1466 2460 ut
1497 2421 1536 2461 Β
1596 2422 1655 2462 sit
1686 2422 1788 2462 eius

90 2479 270 2529 transp.
303 2479 349 2519 M
441 2494 445 2498 ²
474 2479 528 2520 10
560 2481 607 2521 et
640 2479 695 2520 13
727 2482 928 2530 exspect.
963 2483 1033 2522 est
1065 2474 1181 2533 <et>
1217 2477 1320 2530 (By,
1353 2475 1446 2519 ἐετι
1480 2477 1568 2527 καὶ,
1604 2479 1658 2521 13
1692 2476 1786 2534 καὶ)

168 2537 219 2576 11
257 2538 478 2579 docentes
504 2559 558 2565 —
583 2535 760 2588 volunt]
794 2539 1055 2580 naturaliter
1085 2539 1119 2580 A
1218 2539 1271 2579 12
1303 2540 1478 2580 scilicet
1510 2544 1556 2581 et
1586 2540 1634 2580 M
1664 2541 1785 2581 scili-

89 2599 162 2636 cet
193 2595 230 2637 B
412 2598 464 2639 13
497 2599 778 2648 apolinarius
810 2599 850 2639 Ρ
886 2598 1180 2648 apolenarlus
1213 2598 1252 2641 C
1288 2599 1599 2648 apollenarius
1631 2597 1785 2652 (prius

87 2655 99 2694 1
133 2657 245 2697 acld.
278 2668 335 2696 m.
366 2655 411 2706 2)
454 2658 487 2698 A
523 2658 789 2708 apollinaris
828 2659 866 2698 Β
1012 2658 1065 2699 14
1106 2658 1219 2699 firm.
1266 2658 1392 2699 fund.
1436 2661 1618 2710 transp.
1658 2659 1697 2700 Β

90 2715 141 2754 15
175 2715 426 2756 doctrinam
461 2718 689 2767 propriam
722 2716 855 2759 PCB
886 2719 1114 2767 propriam
1149 2719 1425 2759 sententiam
1458 2719 1510 2765 A,
1542 2719 1653 2769 fort.
1680 2730 1782 2769 pro-

86 2776 227 2822 priam
248 2776 501 2817 doctrinam
596 2776 650 2817 16
673 2777 788 2828 for-1²⁴
805 2771 1210 2831 separa<veru>nt
1227 2773 1517 2829 (διέετειλαν)
1618 2778 1670 2819 17
1691 2790 1782 2830 pro

86 2833 211 2874 illum
229 2837 429 2885 exspect.
447 2830 877 2889 i<nte>ll<ect>um
904 2833 979 2886 (τὸ
1005 2833 1184 2887 νοερόν,
1212 2838 1269 2888 ef.
1288 2848 1406 2879 vera.
1428 2835 1468 2887 7)
1570 2844 1784 2879 asuerant

87 2887 144 2934 C¹
176 2905 294 2934 corr.
329 2888 388 2935 C²
418 2899 626 2935 asserunt
658 2893 855 2946 (asser)
888 2897 921 2936 A
