1982 3172
81 89 165 135 DE
184 86 482 135 OCCULTA
502 86 578 132 ET
597 85 968 132 MANIFESTA
989 82 1356 131 OCCASIONE
1384 82 1521 130 CAP.
1541 82 1667 128 XIIII
1698 91 1759 139 91

79 224 266 276 Altera
294 237 426 274 vero
462 222 662 274 divisio
695 221 916 286 alioque
949 221 1120 272 modo
1152 226 1238 272 est
1268 220 1417 271 haee.
1462 219 1764 271 Rationalis

79 299 215 350 haec
254 297 476 362 quidem
520 303 604 349 est
645 296 861 349 occulta
902 297 1059 355 rati0‚
1101 295 1238 347 haec
1276 294 1764 347 veromanifesta.

79 372 144 424 Et
177 371 392 424 occulta
430 372 569 424 ratio
607 377 691 424 est
727 376 912 423 motus
949 371 1169 422 animae
1202 370 1259 422 in
1293 369 1550 422 rationali
1583 374 1765 421 mente
1804 380 1827 419 2

79 446 260 499 factus
298 446 508 510 absque
549 460 701 498 voce.
752 446 913 499 Unde
953 445 1274 498 multotiens
1313 445 1481 497 etiam
1522 450 1765 496 tacentes

34 521 348 574 srationem
392 527 564 573 totam
612 521 960 585 disponimus
1002 533 1237 584 eamque
1282 525 1478 583 postea
1521 520 1575 570 in
1621 533 1766 571 som-

78 596 164 647 nis
207 595 456 655 dicimuS,
499 602 553 647 et
594 595 897 647 secundum
940 595 1046 646 hoc
1086 595 1326 646 maxime
1368 608 1562 646 omnes
1602 594 1766 645 ratio-

78 670 234 722 nales
254 685 471 728 sumus;
496 685 606 722 non
631 670 854 734 quidem
881 671 959 721 sic
983 683 1081 734 per
1103 669 1458 721 manifestam
1480 669 1766 726 rationem,

81 745 221 796 sicut
259 759 355 809 per
395 746 573 797 istam.
622 744 835 796 Etenim
875 745 1012 796 muti
1052 759 1085 794 a
1122 744 1411 795 nativitate
1446 749 1502 795 et
1538 744 1629 807 qui
1672 757 1768 806 per

82 819 458 871 infirmitatem
492 833 686 870 vocem
726 819 1086 883 perdiderunt
1122 818 1481 869 nihilominus
1521 824 1649 870 sunt
1685 832 1769 869 ra-

15 909 59 945 10
81 894 331 946 tionales.
384 894 684 946 Manifesta
723 901 907 946 autem
954 896 1093 946 ratio
1137 895 1191 945 in
1233 908 1371 946 voce
1410 900 1464 946 et
1503 895 1769 946 sermoni·
1806 902 1831 943 3

81 968 184 1019 bus
210 973 392 1020 actum
425 968 605 1019 habet.
649 967 1017 1019 Instrumenta
1047 981 1181 1019 vero
1213 968 1368 1019 vocis
1399 967 1588 1019 multa.
1619 967 1770 1018 Mus·
1806 977 1830 1017 4

81 1042 186 1093 culi
220 1043 365 1093 enim
402 1043 705 1100 interiores,
742 1043 834 1106 qui
872 1048 999 1094 sunt
1035 1043 1090 1093 in
1125 1042 1295 1094 costis
1328 1042 1527 1094 mediis
1557 1048 1614 1094 et
1650 1042 1769 1093 tho-

82 1131 179 1167 rax
198 1123 252 1168 et
277 1116 467 1180 pulmo
493 1123 546 1169 et
570 1117 792 1168 trachea
817 1118 1018 1168 arteria
1040 1122 1096 1168 et
1115 1117 1307 1168 fauces
1327 1123 1382 1168 et
1406 1117 1512 1168 hoc
1531 1117 1769 1168 maxime

82 1191 533 1255 cartilaginosum
556 1198 611 1243 et
637 1192 833 1243 iterum
862 1197 1150 1243 move-ntes
1176 1192 1332 1243 nervi
1360 1197 1414 1243 et
1441 1191 1632 1255 lingua
1655 1206 1770 1243 om-

18 1281 60 1318 15
81 1279 290 1330 nesque
323 1266 557 1317 musculi
596 1273 884 1318 moventes
921 1266 1058 1317 haec
1093 1266 1341 1317 membra
1376 1267 1770 1331 exspirationis

84 1346 212 1392 sunt
230 1341 609 1400 instrumenta,
637 1341 893 1392 dictionis
918 1346 1103 1392 autem
1130 1355 1209 1392 os,
1247 1341 1306 1391 In
1329 1341 1437 1392 hoc
1454 1342 1602 1392 enim
1625 1341 1771 1405 plas-
1808 1352 1832 1392 5

84 1420 265 1467 matur
294 1421 349 1467 et
383 1414 658 1480 figuratur
690 1421 745 1467 et
781 1416 939 1480 quasi
975 1416 1330 1480 specificatur
1365 1410 1549 1475 dictio,
1581 1415 1772 1480 lingua

86 1489 307 1553 quidem
336 1495 390 1541 et
421 1504 532 1541 uva
563 1490 755 1554 plectri
788 1490 971 1542 locum
1005 1491 1335 1550 tenentibus,
1368 1491 1556 1554 palato
1587 1497 1771 1542 autem

85 1565 314 1624 sonituS,
355 1565 611 1618 dentibus
649 1580 783 1618 vero
827 1566 1086 1630 qualique
1127 1567 1241 1618 oris
1280 1568 1582 1631 apertione,
1620 1573 1681 1619 ut
1715 1567 1770 1618 in

18 1653 61 1690 20
84 1638 203 1703 lyra
232 1638 562 1691 chordarum
597 1639 985 1704 supplentibus
1018 1640 1421 1700 necessitatem,
1456 1640 1772 1692 conferente

85 1713 216 1776 quid
249 1714 414 1765 etiam
452 1728 589 1765 naso
625 1714 708 1765 ad·
734 1715 1071 1779 euphoniam
1109 1715 1226 1766 sive
1260 1715 1464 1767 malam
1501 1716 1772 1767 sonorita-

84 1793 210 1845 tem,
244 1794 305 1839 ut
342 1794 492 1852 patet
526 1803 596 1840 ex
630 1788 923 1841 edentulis.
1354 1814 1358 1818 -

151 1861 419 1914 Dividunt
458 1877 590 1914 vero
634 1869 688 1915 et
728 1863 886 1916 aliter
929 1864 984 1915 in
1026 1865 1258 1917 virtutes
1301 1864 1388 1917 vel
1431 1864 1644 1929 species
1682 1865 1770 1918 vel
1802 1832 1864 1943 ¹15

87 1942 270 2000 partes
303 1937 560 1995 animam,
595 1938 702 1989 hoc
735 1944 818 1990 est
854 1939 907 1988 in
944 1939 1208 1991 nascibile
1245 1939 1394 2003 quod
1427 1946 1481 1991 et
1512 1940 1772 1992 nutribile

162 2147 179 2187 1
209 2158 317 2188 vero
344 2160 434 2189 om.
459 2147 492 2189 A
573 2151 642 2189 est
674 2149 790 2190 haec
815 2151 999 2202 transp.
1024 2151 1061 2191 Β
1163 2150 1276 2192 1-2
1310 2150 1564 2192 Rationalis
1591 2152 1776 2202 quidem

84 2210 154 2248 est
186 2207 275 2248 hoc
298 2207 333 2248 A
406 2209 519 2259 post
551 2207 730 2249 Ration.
763 2211 808 2250 d.
834 2210 864 2250 ἰ.
890 2222 929 2251 υ.
962 2209 1047 2261 τῆς
1079 2209 1234 2261 ψυχῆς
1266 2213 1313 2253 et
1343 2213 1456 2253 ante
1489 2212 1669 2252 occulta
1701 2221 1779 2250 κα·

85 2262 309 2315 λούμενος
440 2266 465 2307 2
499 2260 655 2317 haec']
690 2267 779 2310 hoc
803 2269 837 2310 A
970 2270 995 2311 3
1028 2270 1275 2312 irrationali
1299 2270 1334 2312 A
1368 2271 1678 2312 inrationabili
1712 2267 1778 2320 (bi

86 2327 175 2367 del.
201 2338 258 2367 m.
275 2323 319 2377 2)
345 2326 384 2368 Ρ
459 2329 613 2368 mente
636 2326 719 2368 AB
749 2331 906 2371 ventre
930 2329 970 2370 Ρ
1066 2329 1092 2370 5
1124 2331 1318 2371 somniis
1342 2327 1456 2380 (Ho)
1489 2331 1653 2371 obstat
1682 2342 1778 2372 ser-

87 2387 215 2426 mom·
246 2387 517 2438 interpretis
639 2386 666 2427 6
699 2386 970 2438 secundum]
997 2389 1048 2430 iit
1070 2389 1108 2431 B
1173 2391 1288 2441 post
1311 2401 1429 2430 max.
1455 2390 1566 2431 add.
1593 2390 1719 2440 quod
1743 2390 1780 2430 Β

146 2445 173 2485 8
206 2448 251 2487 et
283 2457 371 2487 om.
403 2445 441 2486 B
539 2448 654 2497 post
685 2458 765 2496 per
796 2448 841 2489 d.
874 2449 903 2489 ἰ.
938 2461 978 2490 υ.
1010 2443 1159 2488 πάθος
1190 2446 1219 2499 ἢ
1405 2448 1455 2489 11
1490 2459 1600 2490 vero
1631 2446 1777 2498 vocis]

87 2507 239 2545 autem
270 2516 435 2546 vocum
469 2505 503 2547 A
634 2505 687 2546 12
721 2503 861 2556 enim]
896 2511 1047 2550 autem
1080 2508 1114 2550 A
1149 2509 1290 2550 costis
1323 2509 1443 2550 med.
1476 2510 1659 2560 transp.
1683 2508 1718 2550 A

91 2563 145 2603 13
178 2563 322 2606 fames
353 2565 390 2605 Β
595 2565 648 2605 15
683 2567 886 2607 membra
916 2567 1032 2609 haec
1064 2565 1129 2619 (h.
1163 2565 1227 2618 ο.)
1259 2568 1293 2609 Α
1329 2569 1532 2610 membra
1563 2567 1653 2609 hoc
1683 2568 1722 2609 Β

91 2622 144 2663 18
176 2624 253 2663 uia
284 2623 318 2664 A
405 2624 561 2673 plectri
592 2625 680 2666 loc.
713 2628 896 2677 transp.
928 2626 966 2667 Β
1103 2627 1158 2668 19
1190 2625 1468 2678 qualicfique
1499 2626 1583 2668 ΑΒ
1666 2639 1778 2679 ope-

87 2683 263 2724 ratione
294 2683 332 2723 B
451 2683 502 2725 21
541 2685 727 2736 quidem
759 2685 844 2726 AB
979 2686 1039 2727 22·
1067 2687 1296 2728 edentulis
1328 2687 1369 2729 P
1398 2682 1692 2737 (ἀνοδόντων
1724 2686 1778 2738 Ρ)

88 2742 286 2783 dentulis
317 2742 351 2783 A
386 2743 600 2785 dentibus
630 2744 668 2785 B
787 2745 1143 2797 Inscriptionem
1175 2757 1264 2788 om.
1297 2749 1344 2788 et
1374 2748 1638 2788 orationem
1670 2759 1779 2789 con-

88 2803 280 2843 tinuant
305 2800 345 2842 Ο
379 2813 525 2853 aeque
557 2815 614 2845 ac
645 2805 746 2845 cod.
774 2803 936 2846 Graec.
963 2804 995 2844 F
1119 2804 1174 2846 24
1207 2806 1297 2847 hoc
1329 2806 1453 2848 estn
1478 2803 1526 2855 (6
1547 2807 1642 2857 fere
1666 2805 1778 2856 litt.)

89 2861 127 2901 Ρ
157 2862 348 2962 hgcpejt
379 2861 413 2902 A
450 2863 537 2904 hoc
568 2863 606 2904 Β
712 2863 837 2912 quod
871 2867 916 2904 et
947 2876 1033 2915 eyo
1066 2877 1167 2906 cum
1199 2865 1268 2917 Βρ
1301 2862 1347 2916 (ὃ
1381 2863 1474 2916 καὶ)
1508 2870 1554 2908 et
1586 2867 1712 2917 quod
1743 2867 1780 2908 Β

90 2932 181 2970 quo
