1982 3172
757 105 1124 170 PROLOGUS·
1742 111 1774 159 3

79 252 375 302 viduorum
402 261 621 311 quoque
644 245 807 297 facile
831 259 865 296 a
890 244 1137 307 quolibet
1163 242 1597 306 deprehenditur
1621 255 1770 293 sum-

79 331 333 376 motenus
361 330 415 374 et
442 323 608 374 etiam
639 321 710 371 ad
741 319 1012 383 liquidum
1042 333 1074 369 a
1103 317 1517 381 perspicacibus
1540 330 1609 367 ex
1638 329 1774 379 pau‘-

79 400 313 452 cissimis
353 398 513 461 plura
552 394 1014 447 examinantibus
1066 394 1123 443 ln
1163 391 1580 443 difficilioribus
1620 390 1773 441 deni·
1810 403 1865 445 12

81 488 184 538 que
223 473 697 537 Pythagorae,
732 470 1081 527 PlatoniS,
1119 466 1564 525 Aristotelis,
1603 465 1769 529 Hip-

35 561 60 595 5
81 548 397 612 pocratis
430 553 485 598 et
519 545 770 597 Galeni
805 543 1152 606 aliorumque
1188 556 1298 593 non
1335 554 1639 604 paucorum
1673 553 1776 591 nec

79 624 351 673 minorum
386 622 472 672 his
506 619 967 684 philosophorum
1001 617 1407 670 exhibebuntur
1440 615 1512 666 ad
1547 629 1772 666 manum

82 698 409 753 sententiae;
451 702 505 747 et
541 709 730 746 earum
774 707 915 756 quae
957 692 1162 744 fuerint
1204 691 1325 742 luce
1366 691 1616 742 veritatis
1652 691 1770 741 ani·
1817 698 1820 702 ’

81 779 262 823 matae
318 785 414 834 per
453 776 646 827 totum,
702 769 987 819 doctrinae
1043 767 1293 829 sequenti
1350 768 1662 817 inserentur
1715 766 1769 815 in

81 847 366 898 columnas
398 851 452 896 et
486 844 895 907 protectorium,
931 841 1229 905 superficie
1261 847 1423 892 tenus
1456 854 1591 891 vero
1624 839 1774 890 deal-

18 921 60 969 io
83 923 242 972 batae
271 920 400 970 fuco
431 917 929 970 verisimilitudinis
962 915 1345 980 probabilibus
1376 915 1695 966 inficientur
1722 920 1776 965 et

81 994 531 1046 demonstrativis
593 993 952 1056 argumentis.
1025 990 1089 1042 Et
1150 989 1610 1042 illuminabuntur
1672 989 1775 1041 sub

81 1069 421 1132 quaestionis
448 1068 592 1118 nube
621 1066 918 1130 caligantia
946 1079 1042 1129 per
1070 1065 1233 1116 divae
1263 1064 1619 1128 splendorem
1647 1063 1776 1115 doc-

82 1145 270 1201 trinae,
301 1156 442 1206 quae
472 1148 626 1193 tanto
658 1155 790 1204 prae
821 1141 929 1191 illis
960 1140 1081 1191 luce
1110 1140 1359 1191 veritatis
1386 1153 1615 1190 corusca
1644 1140 1776 1190 ruti-

83 1218 172 1275 lat,
208 1224 414 1279 quanto
451 1231 561 1267 non
599 1216 779 1267 solum
815 1216 884 1266 ab
920 1215 1164 1265 humano
1198 1215 1550 1277 aspiramine,
1581 1227 1774 1264 verum

19 1306 62 1339 15
83 1294 248 1344 etiam
289 1292 478 1342 divino
521 1291 717 1354 spiritu
758 1295 974 1341 constat
1014 1290 1298 1353 inspirata.

149 1365 291 1422 Quia
324 1366 490 1429 igitur
521 1371 575 1416 et
606 1364 896 1415 abicienda
929 1370 982 1415 et
1014 1363 1329 1426 recipienda
1362 1378 1471 1414 non
1502 1365 1619 1414 sine
1651 1370 1770 1414 rata

84 1441 292 1492 ratione
326 1440 636 1503 deligentur
669 1446 833 1502 atque
868 1439 1342 1502 improbabuntur,
1377 1452 1612 1500 cumque
1646 1452 1771 1501 pro-

83 1515 356 1566 babilibus
380 1514 451 1564 ad
476 1514 613 1565 haec
635 1520 801 1576 atque
827 1513 1279 1564 demonstrativis
1306 1512 1675 1575 satagendum
1701 1513 1771 1563 sit

80 1589 445 1652 argumentis:
478 1587 787 1639 liberalium
821 1588 1021 1640 artium
1055 1587 1390 1638 documenta
1422 1588 1550 1638 huic
1581 1586 1771 1638 libello

0 1675 62 1711 ‚ao
82 1664 393 1715 necessaria
434 1677 534 1726 pro
576 1663 968 1714 aedificatione
1012 1661 1365 1714 conferentur
1406 1669 1466 1713 ut
1506 1661 1772 1713 effectiva

85 1739 460 1796 instrumenta,
490 1738 626 1800 ipsis
656 1751 876 1800 quoque
907 1736 1266 1800 postmodum
1296 1737 1507 1787 artibus
1537 1751 1648 1788 non
1678 1751 1775 1800 pa-

82 1827 200 1862 rum
233 1812 542 1874 profuturo,
573 1825 673 1863 nec
704 1812 841 1875 ipsis
874 1811 1097 1875 quidem
1131 1811 1501 1870 solummodO,
1533 1811 1630 1862 sed
1658 1825 1771 1862 me-

80 1886 295 1937 dicinae
319 1900 539 1949 quoque
562 1886 894 1949 divinaeque
918 1885 1218 1938 doctrinae.
1252 1885 1316 1937 Et
1339 1892 1398 1937 ut
1423 1886 1602 1937 dicam
1624 1900 1771 1937 com-

83 1960 422 2023 pendiosius,
454 1961 708 2023 quamvis
741 1961 1003 2025 physicae
1035 1960 1438 2012 adscribendus
1471 1961 1541 2012 sit
1574 1962 1772 2023 princi-

0 2046 62 2081 .1s
82 2034 279 2097 palius,
301 2035 371 2085 ab
396 2035 653 2086 omnibus
677 2042 860 2086 tamen
886 2035 1288 2098 philosophicis
1313 2035 1624 2087 demulctus
1639 2036 1773 2086 ube-

82 2109 233 2160 ribus
279 2110 384 2172 ipsi
428 2123 648 2172 quoque
694 2111 854 2161 matri
902 2110 1206 2173 praestabit
1252 2110 1503 2162 fomitem
1550 2125 1659 2161 non
1702 2124 1770 2161 ex

83 2189 200 2234 toto
224 2183 489 2234 inutilem.
523 2182 745 2247 Eritque
768 2185 818 2235 ei
841 2184 1035 2235 titulus
1059 2185 1098 2235 P
1115 2198 1250 2236 rem
1266 2200 1301 2235 n
1317 2199 1399 2236 on
1425 2200 1458 2248 p
1474 2185 1508 2235 h
1524 2201 1558 2249 y
1575 2185 1771 2236 sicon

83 2258 189 2309 hoc
209 2263 294 2308 est
318 2257 556 2321 Stipes
581 2257 1040 2317 naturalium,
1067 2260 1196 2322 quia
1222 2260 1570 2310 sicutexuno
1587 2260 1774 2322 stipite

83 2331 240 2383 multi
268 2332 566 2383 ramusculi
596 2332 886 2395 pullulant,
915 2333 994 2384 sic
1019 2347 1087 2384 ex
1115 2333 1280 2384 huius
1308 2334 1463 2385 fonte
1487 2334 1772 2385 doctrinae

0 2415 64 2453 Α)
85 2405 305 2468 plurimi
350 2408 611 2458 scientiae
654 2406 990 2458 naturalium
1034 2408 1195 2459 rivuli
1241 2408 1639 2460 exuberabunt.

151 2479 259 2531 Sed
290 2481 552 2543 quoniam
577 2482 768 2532 mundi
798 2483 1028 2545 eiusque
1057 2484 1296 2546 partium
1328 2488 1455 2534 sunt
1483 2483 1772 2542 naturalia,

82 2568 258 2617 eaque
297 2555 626 2606 enucleatim
663 2557 906 2607 intexere
947 2570 1059 2607 non
1101 2558 1171 2608 sit
1212 2557 1391 2615 huius,
1433 2557 1530 2608 sed
1569 2557 1768 2621 prolixi

86 2629 318 2692 negotii:
351 2629 421 2680 ab
455 2630 734 2681 homine
768 2637 1050 2694 tamquam
1085 2646 1118 2681 a
1151 2632 1369 2689 notiori,
1403 2645 1566 2695 quem
1596 2631 1774 2695 philo-

83 2703 247 2765 sophi
280 2704 450 2754 totius
477 2704 672 2756 volunt
705 2704 848 2756 ferre
881 2706 1194 2769 imaginem,
1227 2711 1287 2757 ut
1317 2706 1422 2757 hac
1448 2721 1669 2770 quoque
1702 2707 1771 2758 de

159 2822 188 2863 6
219 2823 292 2864 his
323 2835 414 2865 om.
446 2819 514 2865 Ρι
543 2827 699 2877 suppl.
731 2820 798 2867 1²²
830 2829 885 2868 ut
915 2828 1008 2868 vid.
1111 2826 1167 2867 22
1200 2827 1266 2868 ad
1297 2827 1531 2877 profuturo
1563 2827 1660 2869 Bae
1691 2829 1778 2869 ad-

87 2884 248 2981 goitat:
279 2879 355 2983 (215
387 2884 543 2925 libello
577 2879 787 2938 begfiglid)
890 2886 945 2926 27
978 2884 1207 2927 Premnon
1241 2885 1404 2927 lisicon
1438 2887 1534 2928 Bae
1567 2898 1777 2937 prepnon

121 2952 143 2982 s
163 2952 251 2983 con

1455 3022 1509 3060 10

1813 1002 1867 1042 13

1814 1375 1867 1416 14

1815 2196 1868 2236 15

1815 2494 1869 2535 16
