1982 3172
238 96 337 145 126
598 87 854 134 NEMESII
887 87 1202 134 PREMNON
1235 87 1559 136 PHYSICON

231 226 376 275 mine
400 224 746 287 superfluum
777 224 1082 282 ostendere,
1111 226 1499 275 inconveniens
1527 231 1611 276 est
1638 225 1815 276 valde.
1853 225 1909 276 Si

232 299 398 362 igitur
420 298 739 349 consiliatur
765 305 920 349 actus
947 312 1115 349 causa
1141 303 1195 349 et
1220 304 1445 362 propter
1469 305 1667 358 actum,
1689 305 1910 351 actuum

148 383 195 422 11
233 375 352 436 ipse
395 380 476 424 est
522 372 795 423 dominus.
847 372 1120 435 AmpliuS,
1165 386 1398 435 quorum
1442 387 1613 436 opera
1654 374 1709 424 in
1750 374 1910 425 nobis

235 454 375 506 sunt,
408 448 605 498 horum
644 448 888 498 actiones
925 461 1145 510 quoque
1183 447 1485 504 secundum
1522 461 1693 510 opera
1727 449 1781 498 in
1814 462 1912 499 no-

235 523 318 572 bis
343 527 516 572 erunt.
559 521 668 571 Sed
697 522 752 571 in
783 521 954 572 nobis·
976 527 1103 572 sunt
1131 535 1303 584 opera
1329 521 1630 572 secundum
1656 523 1912 581 virtutes;
1961 539 1967 570 l

148 606 201 646 12
234 597 288 646 in
312 596 472 646 nobis
502 609 635 658 ergo
666 602 792 647 sunt
822 602 876 646 et
903 597 1149 647 virtutes.
1191 594 1354 651 Quod
1379 609 1511 647 vero
1537 596 1591 646 in
1621 596 1781 647 nobis
1805 597 1913 648 sint

235 684 404 733 opera
443 669 765 720 *secundum
823 671 1072 728 virtuteS,
1130 669 1449 721 manifestat
1489 669 1913 722 Aristotelis

234 745 440 807 optime
499 744 704 796 dictum
763 746 818 794 in
874 744 1178 795 moralibus
1234 744 1531 796 virtutibus
1572 744 1678 795 hoc
1718 744 1911 796 modo:

235 816 406 875 ‘Quae
433 818 698 870 facientes
731 818 1086 877 addiscimuS,
1116 819 1254 870 haec
1282 818 1631 870 addiscentes
1663 818 1912 870 facimus.

233 885 524 944 Abstinere
579 894 724 944 enim
781 908 814 943 a
856 893 1311 944 delectationibus
1353 893 1703 944 addiscentes
1746 893 1914 944 sobrii
1942 908 1968 942 ιι

234 967 511 1019 efficimur
538 974 591 1018 et
623 967 755 1018 facti
786 968 955 1018 sobrii
987 968 1326 1018 abstinemus
1358 982 1391 1017 a
1423 964 1914 1018 delectationibus!

150 1052 202 1092 13
235 1042 328 1093 Est
353 1048 537 1093 autem
569 1048 622 1093 et
652 1043 731 1092 sic
761 1042 955 1092 dicere.
997 1041 1253 1093 Meditari
1282 1047 1336 1092 et
1363 1041 1583 1093 studere
1610 1055 1801 1107 omnes
1831 1041 1913 1093 fa-

235 1123 415 1168 tentur
443 1117 498 1166 in
532 1116 691 1167 nobis
725 1130 862 1167 esse.
907 1115 1015 1167 Sed
1049 1115 1437 1167 meditationes
1468 1115 1755 1167 habituum
1787 1122 1914 1168 sunt

236 1191 517 1252 dominam
551 1205 685 1241 usus
722 1191 866 1240 enim
903 1196 986 1240 est
1022 1196 1219 1241 natura
1254 1190 1547 1252 adquisita.
1594 1188 1702 1241 Sed
1738 1191 1783 1241 si
1816 1189 1914 1240 do-

234 1266 382 1315 mina
413 1265 701 1315 habituum
738 1271 822 1315 est
858 1264 1158 1322 meditatio,
1198 1278 1320 1314 cum
1356 1265 1411 1314 in
1446 1264 1606 1315 nobis
1640 1265 1711 1315 sit
1740 1263 1912 1315 medi·
1940 1278 1968 1314 ιε

235 1340 385 1397 tatio,
415 1340 470 1389 in
504 1340 665 1389 nobis
698 1345 856 1390 erunt
890 1345 943 1389 et
974 1338 1212 1389 habitus,
1257 1337 1365 1389 Sed
1398 1352 1631 1402 quorum
1660 1339 1716 1389 in
1749 1338 1910 1390 nobis

235 1420 362 1464 sunt
402 1414 640 1471 habitus,
684 1413 881 1463 horum
925 1414 1090 1464 etiam
1135 1414 1191 1463 in
1234 1413 1394 1464 nobis
1439 1419 1567 1464 sunt
1606 1418 1776 1471 actus,
1818 1414 1910 1476 qui

233 1488 536 1539 secundum
555 1488 801 1546 habitus;
824 1488 1104 1539 habitibus
1129 1490 1274 1538 enim
1289 1495 1443 1539 actus
1459 1494 1586 1539 sunt
1600 1493 1911 1551 competen-

234 1569 330 1613 tes.
370 1561 476 1617 Qui
508 1562 675 1624 igitur
705 1562 910 1612 iustum
942 1561 1191 1612 habitum
1222 1561 1402 1619 habet,
1434 1561 1579 1612 iusta
1605 1561 1721 1624 agit
1746 1566 1800 1612 et
1829 1561 1911 1611 in-

233 1638 411 1687 iustus
447 1637 664 1687 iniusta.
716 1635 773 1685 In
812 1635 971 1686 nobis
1010 1636 1177 1698 igitur
1215 1641 1298 1686 est
1335 1636 1511 1686 iustos
1547 1648 1669 1685 esse
1701 1634 1790 1686 vel
1828 1635 1909 1686 in·
1935 1648 1981 1683 20·

143 1720 195 1760 14
235 1713 423 1762 iustos.
469 1709 632 1766 Quod
668 1724 800 1761 vero
836 1711 890 1759 in
926 1709 1087 1760 nobis
1125 1711 1233 1760 sint
1266 1709 1466 1772 aliqua,
1500 1708 1800 1760 ostendunt
1829 1709 1909 1759 in-

221 1785 538 1836 nutationes
582 1790 635 1836 et
680 1783 874 1835 edicta.
930 1783 1129 1834 Nullus
1174 1785 1318 1834 enim
1362 1783 1642 1834 hominem
1686 1784 1900 1834 innutat

224 1873 325 1909 nec
348 1859 532 1909 bibere
562 1872 662 1909 nec
692 1859 840 1909 sitire
871 1872 1047 1920 neque
1078 1859 1353 1920 soporari;
1383 1871 1493 1908 non
1519 1857 1664 1908 enim
1690 1862 1818 1908 sunt
1845 1858 1901 1907 in

224 1933 385 1984 nobis
442 1933 592 1983 haec.
664 1932 820 1984 Patet
863 1933 1044 1995 igitur,
1091 1932 1255 1995 quod,
1301 1946 1369 1982 ex
1415 1932 1613 1995 quibus
1655 1937 1783 1982 sunt
1822 1932 1902 1981 in-

142 2018 193 2056 15
229 2008 559 2065 nutationeS,
602 2008 724 2070 ipsa
769 2008 876 2058 sint
918 2007 974 2056 in
1017 2006 1193 2057 nobiS.
1247 2005 1517 2069 Amplius,
1563 2007 1607 2056 si
1648 2005 1782 2056 nihil
1822 2012 1905 2056 est
1933 2020 1970 2055 2⁵

301 2099 325 2138 3
365 2099 467 2148 ipse
499 2102 569 2138 est
602 2102 783 2148 transl).
819 2097 855 2139 C
1035 2098 1061 2137 6
1106 2102 1151 2138 et
1182 2110 1270 2138 om.
1302 2098 1340 2137 B
1522 2098 1545 2137 7
1579 2096 1796 2138 Aristotil’
1827 2095 1914 2138 PC

226 2158 298 2197 Ar‘
331 2158 416 2198 AB
566 2158 592 2197 8
626 2157 891 2198 mortalibus
923 2158 957 2198 A
1113 2157 1139 2196 9
1172 2154 1304 2206 haec]
1339 2157 1428 2197 hoc
1458 2155 1544 2198 AC
1695 2155 1749 2196 10
1781 2156 1908 2196 addi-

225 2220 383 2258 centes
414 2217 449 2258 A
483 2229 572 2257 om.
605 2217 643 2257 Β
794 2216 848 2256 12
881 2214 1050 2264 autem]
1085 2227 1285 2265 namque
1316 2216 1351 2257 A
1499 2215 1552 2256 13
1584 2226 1690 2257 esse
1721 2217 1831 2256 ante
1862 2216 1909 2255 in

222 2288 333 2326 pon.
366 2277 401 2317 A
479 2276 716 2316 habituum
749 2275 795 2316 M
827 2279 1008 2316 actuum
1039 2276 1078 2316 Β
1216 2275 1386 2315 16-17
1420 2278 1526 2315 sunt
1557 2275 1662 2315 hab.
1694 2275 1742 2314 in
1773 2274 1909 2314 nobis

226 2333 291 2385 (h.
317 2332 380 2386 o.)
405 2336 439 2376 A
603 2335 655 2376 17
689 2336 871 2375 habitus
905 2347 992 2375 om.
1021 2334 1101 2375 CB
1221 2346 1376 2375 eorum
1409 2335 1447 2375 Β
1566 2337 1693 2374 actus
1725 2335 1830 2373 sunt
1862 2333 1907 2372 in

226 2396 361 2435 nobis
393 2396 426 2436 A
469 2398 575 2435 sunt
607 2397 653 2435 in
685 2396 821 2435 nobis
854 2398 980 2434 actus
1013 2394 1050 2434 B
1086 2391 1151 2443 (h.
1185 2391 1248 2443 o.)
1459 2393 1512 2433 18
1546 2389 1744 2440 habitus]
1778 2392 1907 2431 habi-

226 2459 319 2494 tum
344 2455 378 2495 A
443 2455 674 2494 habitibus
699 2454 744 2494 M
777 2454 958 2493 habitus
982 2454 1019 2493 Β
1080 2457 1208 2493 actus
1240 2457 1346 2494 sunt
1377 2455 1557 2503 transp.
1580 2452 1616 2493 A
1741 2450 1795 2491 19
1827 2451 1908 2490 ha-

228 2515 368 2553 bitum
406 2515 454 2554 in
486 2525 634 2564 mary.
667 2514 821 2564 suppl.
854 2525 911 2553 m.
946 2513 1068 2561 rub„
1106 2515 1160 2553 ut
1189 2514 1281 2554 vid.
1316 2511 1353 2554 C
1469 2514 1577 2561 aget
1604 2510 1677 2551 Ho
1711 2505 1906 2560 (πράξει)

302 2573 357 2612 20
390 2573 450 2622 ig.
476 2577 545 2613 est
578 2576 758 2623 transp.
783 2572 817 2613 A
919 2573 1063 2611 iustos
1095 2582 1200 2612 esse
1233 2573 1413 2621 transp.
1438 2570 1474 2611 A
1507 2571 1651 2610 iustos
1684 2581 1772 2610 om.
1796 2569 1834 2610 Β

228 2631 279 2670 21
310 2630 400 2677 Qui
423 2632 458 2672 A
522 2633 612 2672 sint
636 2634 682 2672 in
707 2632 842 2672 nobis
867 2628 933 2680 (h.
951 2628 1015 2680 o.)
1039 2631 1073 2671 A
1108 2632 1155 2670 in
1179 2632 1315 2671 nobis
1339 2632 1444 2670 sunt
1469 2627 1549 2670 CB
1639 2628 1813 2668 21—22
1837 2629 1905 2668 in-

228 2692 490 2731 nutationes
531 2723 540 2732 .
567 2723 577 2732 .
605 2722 614 2732 .
655 2693 834 2731 innutat
862 2691 935 2731 Ηο
975 2687 1255 2739 (προτροπαὶ
1291 2719 1300 2728 .
1328 2719 1337 2728 .
1365 2717 1374 2727 .
1406 2685 1673 2738 προτρέπει)
1713 2689 1905 2728 inmuta-

227 2750 377 2790 tiones
410 2780 420 2790 .
449 2781 458 2791 .
485 2780 495 2791 .
528 2752 720 2790 inmutat
753 2749 793 2791 O
939 2749 995 2789 22
1027 2750 1261 2790 hominem
1294 2760 1382 2789 om.
1413 2748 1451 2788 Β
1588 2747 1644 2788 23
1676 2757 1829 2796 neque
1860 2745 1907 2786 M

228 2819 314 2848 nec
341 2809 379 2849 Β
484 2808 658 2849 23-24
691 2812 796 2850 sunt
823 2811 938 2860 post
967 2809 1103 2848 nobis
1132 2820 1243 2858 pon.
1270 2807 1307 2849 C
1417 2806 1473 2846 24
1505 2808 1654 2847 nobis.
1694 2805 1794 2846 Hoc
1826 2815 1906 2854 pa-

228 2870 290 2906 tet
314 2868 351 2907 Β
453 2867 626 2908 24-25
658 2869 971 2908 innutationes
994 2867 1066 2907 Ho
1099 2867 1422 2907 inmutationes
1446 2866 1574 2907 ΡΑΒ
1675 2864 1729 2904 25
1763 2867 1906 2904 muta-

228 2927 377 2965 tiones
406 2925 442 2966 C
531 2930 619 2966 sint
644 2928 682 2967 Ρ
713 2932 814 2967 sunt
849 2928 887 2967 D
1640 2946 1649 2953 ,
