1982 3172
206 80 274 129 72
573 73 829 120 NEMEsn
864 75 1179 122 PREMNON
1213 57 1537 123 PHYslc'on

209 222 360 261 cesse
380 215 463 260 est
487 210 758 261 elementa
781 225 902 262 esse
927 212 1141 263 omnia:
1164 212 1565 277 Quodcumque
1587 215 1733 266 enim
1753 216 1890 266 acci-

208 284 329 346 pias
345 283 413 336 de
429 291 703 348 quattuor,
732 286 1042 337 invenietur
1069 292 1124 338 et
1139 287 1245 338 hoc
1257 287 1465 339 factum
1478 303 1602 340 esse
1617 303 1683 341 ex
1697 290 1886 342 altero.

120 364 176 406 48
209 357 424 422 Corpus
455 359 621 422 igitur
657 359 873 410 animae
907 360 1331 411 instrumentum
1366 363 1608 414 existens
1643 363 1891 414 animali-

208 432 313 483 bus
354 433 651 484 virtutibus
699 433 1059 486 distribuitur.
1114 434 1213 485 His
1257 450 1495 499 namque
1538 437 1722 488 habile
1767 452 1892 488 con-

209 520 519 569 gruumque
545 513 629 558 est
661 509 1045 571 compositum,
1074 515 1135 559 ut
1166 509 1318 560 nulla
1347 511 1523 562 virtus
1553 511 1768 562 animae
1795 513 1893 563 im·
1940 527 1962 560 5

124 589 180 630 49
213 580 493 644 pediretur
511 596 544 632 a
570 596 814 644 corpore.
850 583 1226 646 Unaquaeque
1251 584 1418 647 igitur
1442 585 1697 637 animalis
1719 587 1895 638 virtus

212 655 437 718 propria
459 656 705 707 membra
734 658 981 719 corporis
1007 657 1078 708 ad
1108 659 1451 721 operandum
1479 659 1661 723 elegit,
1687 665 1748 712 ut
1770 675 1895 723 pro-

216 729 416 780 cedens
437 743 618 780 sermo
645 730 879 782 docebit.
911 731 1112 782 Anima
1136 747 1374 796 namque
1399 733 1581 784 locum
1606 739 1754 786 tenet
1771 735 1899 786 arti-

215 803 353 862 ficis,
382 818 583 868 corpus
614 820 748 856 vero
779 807 1142 858 instrumenti.
1186 807 1418 858 Materia
1449 814 1632 859 autem
1665 814 1792 860 sunt
1818 823 1897 866 ea,

213 879 353 929 circa
398 893 538 942 quae
583 885 668 930 est
711 881 870 938 actio,
916 881 1325 944 explementum
1372 888 1554 933 autern
1601 883 1723 945 ipsa
1765 897 1895 946 ope·
1924 896 1966 932 ιο

218 953 372 1004 ratio.
427 953 498 1003 Ut
541 954 738 1005 mulier
781 955 1003 1018 quidem
1050 961 1330 1019 tamquam
1375 957 1606 1008 materia
1650 957 1901 1008 subsistit

221 1025 385 1090 (circa
411 1042 533 1078 eam
565 1029 711 1078 enim
742 1035 827 1080 est
859 1027 1051 1093 actio);
1084 1030 1227 1081 actio
1256 1044 1390 1081 vero
1418 1031 1506 1082 vel
1540 1032 1789 1094 operatio
1814 1037 1900 1083 est

126 1109 181 1149 50
217 1101 548 1153 adulterium
574 1103 690 1153 sive
719 1103 1010 1155 fornicatio
1038 1104 1155 1154 sive
1185 1105 1517 1168 coniugium.
1633 1105 1900 1156 Dividun-

218 1182 304 1227 tur
347 1182 531 1228 autem
576 1177 809 1229 virtutes
853 1178 1070 1229 animae
1115 1179 1170 1228 in
1231 1179 1650 1241 phantasticam,
1704 1179 1763 1230 id
1814 1185 1899 1231 est
1964 1220 1967 1221 γ

221 1251 647 1314 imaginabilem,
688 1258 743 1303 et
787 1252 1201 1315 intellegibilem
1242 1258 1298 1305 et
1340 1254 1731 1305 memorialem.
1929 1267 1972 1303 15

685 1473 803 1539 DE
851 1472 1445 1541 PHANTASTICA

307 1608 658 1660 phantastica
686 1609 854 1672 igitur
883 1615 969 1661 est
1000 1611 1176 1661 virtus
1209 1611 1541 1662 irrationalis
1571 1615 1788 1666 animae
1812 1628 1907 1678 per

226 1697 421 1734 sensus
449 1683 760 1747 operativa;
793 1683 1127 1746 phantaston
1159 1690 1360 1743 autem,
1391 1684 1498 1736 hoc
1526 1690 1610 1736 est
1640 1685 1907 1748 imagina-

225 1759 348 1817 bile,
383 1761 469 1810 'est
509 1758 658 1822 quod
699 1759 1024 1823 phantasiae
1066 1759 1324 1816 subiacet,
1362 1765 1424 1810 ut
1463 1773 1659 1810 sensus
1695 1765 1749 1811 et
1787 1773 1908 1811 sen-

223 1838 407 1896 sibile;
437 1838 727 1901 phantasia
749 1851 897 1896 vero,
927 1832 983 1883 id
1015 1838 1102 1884 est
1132 1833 1471 1896 imaginatio,
1503 1839 1587 1885 est
1617 1833 1804 1896 passio
1837 1834 1905 1884 ir·
1931 1846 1976 1882 zo

222 1908 507 1960 rationalis
544 1908 759 1958 animae
799 1908 869 1958 ab
907 1907 1094 1971 aliquo
1134 1907 1475 1970 imaginabili
1515 1907 1677 1959 facta.
1726 1907 1903 1959 Phan-

227 1988 405 2033 tasma
435 1988 617 2034 autem
652 1988 738 2033 est
770 1982 958 2045 passio
994 1982 1172 2032 inanis
1206 1982 1260 2032 in
1294 1981 1761 2033 irrationabilibus
1792 1982 1907 2032 ani-

151 1590 185 1638 6

296 2133 313 2172 1
341 2135 454 2184 post
479 2135 547 2173 est
572 2134 683 2174 add.
709 2133 798 2172 alia
815 2132 849 2173 A
939 2132 1052 2173 1—2
1077 2133 1326 2182 accipietur
1343 2164 1352 2173 .
1369 2164 1378 2172 .
1398 2133 1606 2174 invenies
1623 2133 1658 2174 A
1751 2132 1778 2174 2
1798 2135 1911 2184 post

223 2204 279 2234 ex
313 2192 453 2234 altero
486 2192 585 2232 ”25
615 2193 711 2243 fere
743 2193 834 2232 list.
866 2192 929 2240 B,·
961 2194 1045 2232 cet.
1079 2192 1135 2241 cf.
1169 2193 1280 2233 adn.
1308 2196 1370 2242 15,
1398 2197 1448 2233 17
1579 2191 1695 2232 3—4
1726 2192 1910 2233 animal.

223 2252 326 2292 dist.
357 2252 455 2293 virt.
488 2252 671 2292 animae
703 2252 807 2291 inst.
840 2252 1042 2292 existens
1075 2248 1141 2300 (h.
1175 2247 1239 2301 ο.)
1270 2251 1308 2293 Β
1527 2251 1554 2292 5
1585 2252 1768 2293 animae
1799 2252 1910 2293 ante

222 2311 347 2351 nulla
375 2323 487 2362 pon.
519 2311 554 2352 A
722 2311 749 2350 6
781 2321 1061 2360 unaquaque
1092 2311 1130 2352 B
1160 2321 1346 2361 unaque
1376 2310 1411 2352 A
1564 2310 1591 2350 9
1623 2320 1679 2351 ea
1711 2319 1736 2348 *
1770 2306 1910 2360 (quae

224 2382 344 2412 eras.
379 2367 492 2420 vid.)
669 2369 723 2410 10
756 2371 874 2411 circa
905 2366 1046 2420 (quae
1077 2372 1231 2422 suppl.
1265 2382 1324 2411 m.
1353 2367 1399 2421 2)
1432 2373 1502 2410 est
1531 2370 1572 2411 Ρ
1690 2371 1841 2410 autem
1874 2370 1914 2410 P

223 2440 332 2471 vero
364 2430 403 2471 Β
434 2442 522 2471 om.
555 2429 588 2471 A
715 2429 769 2470 12
802 2440 903 2471 eam
937 2430 1059 2470 enim
1094 2432 1277 2481 transl).
1310 2429 1349 2470 Ρ
1406 2432 1477 2470 est
1507 2429 1627 2470 actio
1660 2430 1842 2480 ἵναπερ.
1875 2429 1907 2470 Α

284 2483 374 2530 est¹
406 2491 453 2530 et
481 2500 590 2530 vero
625 2501 713 2530 om.
745 2489 783 2530 Β
921 2488 974 2529 14
1007 2490 1189 2531 animae
1221 2501 1310 2530 om.
1341 2488 1376 2531 A
1524 2488 1576 2528 15
1610 2482 1677 2529 et¹
1709 2499 1799 2529 om.
1829 2488 1912 2530 AB

226 2542 293 2588 et²
324 2560 414 2589 om.
446 2549 484 2589 B
606 2548 660 2589 16
695 2547 767 2589 De
798 2548 1039 2589 fantastica
1069 2549 1109 2590 P
1138 2560 1227 2589 om.
1261 2550 1308 2590 et
1337 2549 1597 2589 orationem
1630 2548 1913 2588 continuant

225 2607 328 2656 AB,
361 2609 444 2648 sed
472 2608 784 2659 parayrapho
805 2603 886 2658 ’(ἒ)
919 2609 1099 2649 inserta
1131 2609 1317 2649 initium
1349 2608 1458 2648 novi
1490 2619 1592 2657 cap.
1624 2607 1783 2658 siquis.
1815 2606 1850 2648 A

229 2666 283 2706 18
316 2669 386 2707 est
416 2668 505 2708 del.
537 2668 625 2717 Ho,
658 2668 742 2708 sed
773 2668 829 2718 cf.
863 2663 953 2706 ἐετι
984 2663 1032 2706 Π
1169 2666 1342 2707 18-20
1373 2667 1420 2707 id
1451 2669 1521 2707 est
1551 2695 1593 2707 ..
1613 2695 1624 2706 .
1655 2676 1764 2715 vero
1797 2661 1910 2717 (pro
1973 2665 1977 2670 '

227 2722 399 2775 autem)
433 2729 502 2766 est
534 2728 582 2767 in
615 2728 749 2778 infer.
781 2738 931 2777 mar-y.
963 2728 1117 2778 suppl.
1150 2720 1210 2767 A'
1433 2725 1488 2765 20
1521 2728 1590 2766 est
1621 2727 1734 2766 ante
1764 2725 1812 2765 id
1843 2727 1913 2766 est

225 2796 336 2835 pon.
369 2785 448 2826 PA
529 2785 850 2833 irrationabilis
883 2782 949 2835 (bi
980 2788 1070 2827 del.
1103 2798 1161 2827 m.
1195 2791 1214 2826 1
1250 2787 1303 2826 ut
1333 2782 1445 2834 vid.)
1477 2785 1517 2825 P
1643 2783 1695 2824 21
1731 2784 1912 2824 animae

229 2854 319 2884 om.
350 2844 388 2885 B
538 2844 594 2885 22
626 2846 808 2887 animae
843 2838 1117 2898 <partibus>
1148 2845 1222 2886 Ηο
1253 2845 1388 2894 male,
1421 2845 1552 2886 deest
1582 2844 1703 2886 enim
1736 2838 1912 2892 μέρεειν

232 2903 278 2943 in
312 2903 528 2948 omnibus
560 2905 693 2946 libn‘s
728 2904 918 2961 Graecis
946 2906 1139 2956 praeter·
1170 2904 1337 2945 recent.
