1982 3172
235 106 302 153 76
601 97 857 143 NEMESII
892 96 1207 144 PREMNON
1240 98 1563 145 PHYSICON

176 242 202 281 5
234 233 562 296 Epicurei
582 238 767 284 autem
793 233 959 292 idola,
983 234 1090 284 hoc
1113 240 1197 285 est
1221 234 1506 297 imagines,
1531 237 1915 298 apparentium

177 315 203 355 6
235 307 498 359 advenire
532 307 707 358 oculis
744 308 912 359 aiunt.
957 308 1394 360 Aristoteles
1431 315 1615 361 autem
1651 324 1762 361 non
1798 310 1917 361 ido-

238 381 350 431 lum
381 381 682 445 corporale,
718 382 817 432 sed
850 382 1171 445 qualitatem
1205 383 1526 434 mutationis
1559 384 1702 435 aeris
1734 385 1790 434 in
1820 385 1919 435 cir-

239 457 387 507 cuitu
448 456 734 507 existentis
797 470 832 506 a
890 456 1203 507 visibilibus
1266 457 1337 507 ad
1400 458 1581 508 visum
1644 458 1918 509 accedere.

179 539 202 578 7
238 530 438 581 Plato
463 543 596 582 vero
629 544 726 593 per
756 530 1017 582 collatum
1051 531 1404 594 splendorem
1434 532 1572 582 lucis
1602 532 1823 595 quidem
1848 533 1920 583 ab
1965 547 1982 582 ε

238 605 413 655 oculis
439 604 684 655 diffusae
714 605 785 655 ad
815 605 1050 656 similem
1080 619 1262 656 aerem
1290 611 1346 656 et
1374 605 1511 656 lucis
1536 621 1569 656 a
1597 607 1920 669 corporibus

238 679 439 730 allatae
471 679 734 741 lucisque,
771 693 911 742 quae
944 686 1029 730 est
1063 680 1118 730 in
1153 680 1337 731 medio
1371 681 1529 738 aeris,
1562 679 1723 731 facile
1758 695 1922 744 pene-

240 753 451 803 trabilis
484 759 539 804 et
575 753 917 812 invertibiliS,
954 768 1094 817 quae
1130 760 1216 805 est
1252 760 1548 805 coextensa
1583 768 1706 805 cum
1741 754 1922 818 splen-

179 836 205 876 8
241 827 374 878 dore
399 828 570 878 visus.
625 827 935 878 Galenus
966 834 1151 879 autem
1184 829 1526 880 concordans
1557 828 1838 880 Platoni
1868 830 1923 880 in

240 902 475 965 septimo
505 903 919 954 convenientiae
953 903 1084 954 dicit
1116 903 1358 954 scribens
1393 903 1811 966 quomodolibet
1842 903 1922 954 di-
1949 915 1982 952 ι(

239 990 413 1034 verse,
438 977 566 1039 quia
594 977 648 1026 in
677 977 898 1027 oculum
929 977 1219 1029 dimittitur
1247 992 1376 1040 pars
1405 977 1677 1040 quaedam
1700 977 1789 1028 vel
1816 978 1923 1028 vir-

242 1056 330 1101 tus
361 1051 451 1101 vel
489 1051 701 1102 idolum
735 1051 824 1102 vel
862 1051 1099 1115 qualitas
1135 1052 1435 1102 visibilium
1473 1065 1780 1115 corporum,
1813 1066 1924 1103 non

244 1125 631 1188 cognoscimus
671 1121 1109 1188 magnitudinem
1153 1126 1230 1176 rei
1270 1126 1424 1177 visae
1455 1131 1527 1177 rut
1566 1126 1771 1177 montis
1810 1140 1926 1176 ma-

243 1199 390 1249 ximi.
455 1198 615 1250 Tanti
660 1201 861 1250 etenim
904 1199 1116 1250 idolum
1175 1200 1436 1251 accedere
1494 1199 1669 1252 oculis
1721 1201 1926 1252 nostris

244 1274 468 1324 omnino
496 1274 895 1337 incontingens.
938 1273 1047 1324 Sed
1078 1288 1180 1324 nec
1211 1274 1464 1337 spiritum
1494 1273 1769 1325 visibilem
1800 1288 1925 1338 pro·
1953 1286 1982 1323 ιε

245 1348 529 1399 cedentem
572 1348 718 1400 norit
762 1354 971 1400 tantam
1013 1349 1272 1400 virtutem
1317 1349 1580 1412 accipere,
1635 1353 1696 1400 ut
1749 1348 1926 1412 possit
1966 1378 1970 1382 »

185 1432 211 1471 9
246 1422 491 1473 diffundi
517 1423 659 1473 circa
687 1428 865 1474 totum
891 1422 1125 1474 visibile.
1178 1423 1366 1474 Restat
1393 1423 1561 1486 igitur
1589 1422 1928 1474 circumdan-

246 1502 355 1548 tem
388 1510 573 1547 aerem
612 1497 735 1548 fieri
770 1497 932 1549 nobis
969 1497 1391 1549 instrumentum
1429 1497 1539 1548 tale
1574 1497 1630 1548 in
1664 1502 1927 1560 tempore,

247 1585 355 1633 quo
382 1571 653 1629 videmus,
688 1571 849 1634 quale
880 1572 935 1622 in
970 1585 1199 1634 corpore
1231 1585 1434 1622 nervus
1463 1571 1651 1622 existit
1677 1571 1926 1630 visibilis,

246 1646 338 1708 qui
375 1659 571 1709 graece
612 1646 835 1709 opticon
876 1646 1087 1697 dicitur.
1139 1644 1327 1696 Simile
1365 1646 1511 1696 enim
1553 1645 1684 1709 quid
1722 1646 1926 1708 patitur
1952 1658 1982 1693 ει

245 1734 338 1771 aer
372 1734 476 1771 nos
517 1720 929 1771 circumtenenS.
979 1719 1253 1782 Splendor
1291 1720 1436 1770 enim
1476 1719 1610 1770 solis
1649 1720 1925 1783 attingens

245 1795 559 1857 superiores
589 1794 732 1845 fines
766 1795 909 1845 aeris
943 1793 1211 1844 diffundit
1246 1808 1342 1856 per
1376 1799 1551 1845 toturn
1584 1794 1842 1845 virtutem
1872 1799 1924 1844 et

245 1868 509 1931 splendor
544 1882 640 1931 per
680 1869 923 1931 opticum
960 1882 1190 1919 nervum
1228 1869 1455 1919 veniens
1492 1874 1547 1919 et
1584 1867 1923 1931 spiritualem

242 1943 539 1993 essentiam
570 1943 795 2000 habens,
832 1943 1154 2006 contingens
1190 1942 1686 1993 circumhabentem
1721 1942 1923 2006 primo-

244 2031 348 2079 que
378 2022 527 2068 tactu
561 2018 1023 2080 permutationem
1056 2017 1265 2068 faciens
1298 2017 1611 2069 extenditur
1644 2030 1819 2080 usque
1851 2016 1922 2066 ad
1948 2029 1982 2064 z

249 2091 514 2142 maiorem
553 2097 765 2154 partem
808 2097 1051 2143 retentus
1091 2092 1145 2141 in
1187 2105 1260 2149 se,
1303 2091 1479 2142 donec
1517 2091 1571 2141 in
1609 2091 1928 2154 oppositum

319 2271 338 2313 1
386 2271 568 2322 Epicuri
613 2274 764 2313 autem
808 2271 948 2322 ydola
989 2271 1078 2312 hoc
1121 2275 1192 2312 est
1233 2271 1273 2312 Ρ
1317 2270 1510 2322 Epycuri
1551 2281 1660 2311 vero
1702 2269 1842 2322 ydola
1883 2270 1930 2310 id

241 2335 311 2373 est
333 2331 369 2373 A
470 2331 497 2372 6
528 2331 724 2372 similem
757 2342 812 2372 ex
842 2331 1185 2372 similitudinem
1218 2342 1337 2372 corr.
1362 2323 1423 2371 ΡΞ
1523 2329 1638 2369 6-7
1671 2340 1699 2369 a
1729 2330 1928 2378 corpori-

242 2392 327 2432 bus
359 2391 538 2432 allatae.
577 2391 786 2440 lucisque
810 2390 850 2431 Ρ
879 2401 907 2430 a
938 2391 1206 2439 corporibus
1238 2390 1390 2430 illatae
1421 2389 1628 2438 lucisque
1651 2389 1687 2430 A
1721 2400 1810 2429 om.
1834 2389 1871 2429 Β

240 2451 267 2491 8
300 2453 550 2491 coextensa
580 2450 661 2491 PA
695 2461 753 2490 ex
784 2452 1055 2498 contempsa
1086 2450 1123 2490 Β
1273 2449 1300 2490 9
1328 2451 1440 2500 post
1470 2447 1582 2488 Plat.
1614 2449 1659 2488 d.
1691 2449 1722 2488 i.
1755 2459 1795 2488 υ.
1827 2443 1929 2496 περὶ

240 2506 398 2559 ὅψεως
537 2508 591 2549 10
623 2510 930 2550 conveniente
961 2509 999 2549 Β
1133 2508 1181 2549 11
1215 2510 1329 2559 post
1358 2508 1467 2558 quia
1497 2508 1608 2548 add.
1641 2509 1686 2548 et
1716 2506 1754 2548 B
1814 2506 1928 2547 dim-

242 2570 421 2610 mitatur
450 2568 486 2609 A
671 2567 725 2608 13
765 2570 879 2618 post
909 2568 1078 2609 montis
1109 2569 1154 2609 d.
1187 2569 1218 2609 ἰ.
1250 2579 1291 2609 υ.
1325 2561 1363 2606 εἰ
1392 2562 1523 2615 τύχοι
1676 2565 1730 2606 16
1769 2563 1858 2607 nof
1891 2566 1931 2606 Ρ

242 2626 352 2668 nori·
376 2628 411 2669 A
445 2629 596 2668 noruit
617 2627 676 2677 B:
708 2629 869 2669 malim
902 2628 1030 2668 novit
1053 2643 1110 2658 =
1134 2622 1279 2666 οἴεται
1310 2622 1387 2678 (cf.
1420 2630 1483 2675 14,
1502 2630 1577 2674 19:
1606 2630 1672 2675 33,
1690 2630 1766 2675 16,·
1795 2629 1861 2674 82,
1879 2629 1931 2665 16

241 2690 466 2728 noverunt
482 2703 538 2718 =
557 2682 732 2726 οἴονται
765 2682 961 2738 [οἶεται],
993 2682 1232 2737 ᾠήθηεαν)
1254 2697 1344 2737 pro
1369 2679 1470 2724 οἷόν
1493 2693 1566 2731 τες
1599 2686 1699 2726 eius
1723 2685 1826 2726 loco
1850 2684 1928 2726 Al-

240 2747 382 2796 fanus
413 2751 519 2795 97,4
551 2749 710 2787 notum
743 2749 813 2787 est
845 2741 1058 2796 (οἴονται)
1092 2746 1278 2788 exhibet
1458 2743 1512 2784 18
1542 2737 1668 2797 talell
1697 2744 1738 2785 Ρ
1769 2755 1858 2785 om.
1890 2743 1924 2784 A

303 2805 357 2846 19
388 2816 554 2847 nervus
586 2817 658 2847 ex.
690 2807 874 2857 transp.
905 2806 944 2847 Β
1093 2805 1149 2845 20
1181 2805 1361 2854 opticus
1394 2803 1556 2845 dicItur
1584 2803 1622 2844 Β
1654 2803 1816 2844 dicitur
1844 2802 1927 2843 ob-

239 2864 357 2907 ticus
388 2860 456 2914 (h.
487 2861 552 2915 ο.)
581 2864 619 2906 Α
682 2866 809 2916 quod
838 2865 874 2907 A
1027 2863 1083 2905 22
1114 2866 1255 2906 totam
1285 2862 1322 2906 A
1466 2861 1523 2905 23
1554 2854 1802 2914 spiritalem
1831 2861 1871 2905 Β

242 2922 298 2965 26
329 2923 377 2965 in
409 2933 462 2965 se
492 2925 606 2966 ante
636 2926 715 2965 ret.
745 2935 858 2975 pon.
891 2923 925 2965 Α
