1982 3172
166 314 213 355 11

169 979 224 1020 12

33 1734 35 1736 >
169 1723 221 1764 13

107 2108 119 2117 ³
171 2094 223 2134 14

251 102 319 150 26
617 92 874 139 NEMESII
907 91 1223 138 PREMNON
1256 91 1580 140 PHYS'ICON

252 235 340 282 tus
372 230 442 282 ab
476 230 662 293 aliqua
694 229 896 281 virtute
931 230 1016 288 sit,
1050 243 1191 293 quae
1223 230 1399 281 virtus
1429 231 1499 282 sit
1530 229 1626 282 illa
1652 237 1706 283 et
1733 232 1788 282 in
1817 246 1926 296 quo

251 304 592 357 essentietur.
638 302 695 355 Si
730 304 898 367 igitur
929 304 1106 355 virtus
1139 305 1370 356 materia
1404 303 1678 368 quaedam
1711 307 1804 365 sit,·
1824 307 1929 358 eis-

252 379 377 430 dem
413 379 608 430 iterum
645 384 862 429 utemur
897 378 1218 430 rationibus.
1265 378 1429 434 Quod
1465 380 1511 430 si
1544 393 1655 431 non
1684 381 1928 439 materia,

254 453 351 504 sed
386 453 751 511 materiatum,
787 452 940 503 aliud
978 453 1200 516 quidem
1236 454 1338 504 erit
1371 455 1720 506 materiatum
1755 469 1788 506 a
1816 469 1930 506 ma-

253 527 402 579 teria.
446 526 610 584 Quod
642 527 788 578 enim
821 527 1114 590 participat
1144 528 1389 586 materia,
1421 529 1768 580 materiatum
1800 529 1930 580 dici-

253 607 354 653 tur.
405 600 551 658 Quid
591 601 758 665 igitur
797 602 912 660 erit,
952 601 1101 665 quod
1141 603 1434 665 participat
1470 603 1714 662 materia,
1746 608 1930 654 utrum

253 676 483 727 materia
520 675 657 726 illud
697 675 860 734 idem,
899 689 970 726 an
1009 676 1476 728 immateriatum?
1525 675 1581 728 Si
1612 677 1786 741 igitur
1817 691 1931 729 ma-

255 750 405 809 teria,
441 749 724 814 quomodo
760 751 1110 802 materiatum
1145 756 1199 802 et
1232 765 1343 802 non
1378 751 1647 802 materia?
1692 751 1855 808 Quod
1887 753 1930 803 si

254 838 364 876 non
400 825 645 883 materia,
682 825 1108 876 immateriatum
1146 838 1295 889 ergo,
1343 824 1399 876 Si
1435 839 1568 877 vero
1603 826 1934 878 immateria-

256 905 386 957 tum,
446 913 558 950 non
620 912 846 963 corpus;
907 912 1069 951 omne
1130 900 1274 951 enim
1323 914 1523 964 corpus
1567 901 1933 952 materiatum.
1963 908 1979 943 1

256 973 419 1030 Quod
455 973 500 1025 si
536 972 763 1032 dicatur,
798 973 948 1037 quod
984 987 1216 1036 corpora
1250 974 1533 1038 tripliciter
1566 974 1935 1027 dimensibilia

254 1048 379 1107 sint,
417 1048 603 1098 anima
640 1061 773 1100 vero
813 1061 910 1111 per
948 1054 1124 1100 totum
1165 1062 1366 1112 corpus
1405 1048 1619 1100 diffusa
1652 1049 1936 1113 tripliciter

255 1121 619 1174 dimensibilis
667 1123 737 1173 sit
782 1122 1019 1186 ideoque
1065 1129 1118 1174 et
1163 1137 1364 1186 corpus
1411 1123 1651 1182 omnin0,
1707 1137 1934 1188 respon-

256 1196 524 1255 debimuS,
555 1196 704 1259 quod
736 1210 902 1248 omne
931 1210 1131 1260 corpus
1162 1197 1232 1248 sit
1261 1197 1545 1260 tripliciter
1574 1196 1934 1255 dimensibile,

257 1270 354 1322 sed
393 1284 503 1322 non
544 1284 708 1322 omne
747 1271 1031 1334 tripliciter
1072 1271 1418 1323 dimensibile
1458 1285 1674 1335 corpus.
1723 1271 1933 1324 Etenim
1966 1279 1980 1314 ¹

257 1344 411 1397 locus
450 1350 505 1396 et
545 1345 798 1409 qualitas,
838 1346 1163 1409 incorporea
1202 1346 1495 1398 existentia
1535 1345 1838 1398 secundum
1877 1360 1935 1398 se

258 1420 394 1483 ipsa,
430 1419 733 1471 secundum
769 1419 1025 1471 accidens
1059 1420 1114 1471 in
1151 1421 1455 1483 quantitate
1491 1420 1935 1483 quantificantur.

257 1493 516 1545 Similiter
545 1499 731 1545 autem
761 1499 815 1545 et
845 1495 1030 1545 anima
1060 1508 1156 1557 per
1187 1508 1245 1546 se
1276 1495 1454 1557 ipsam
1480 1494 1639 1547 adest
1668 1494 1935 1546 indimen-

258 1567 447 1627 sibilis,
484 1568 788 1620 secundum
825 1568 1080 1628 accidens
1115 1582 1263 1627 ver0,
1300 1569 1354 1619 in
1393 1582 1502 1632 quo
1537 1574 1634 1627 est,
1666 1570 1934 1621 existente

257 1642 539 1706 tripliciter
583 1642 932 1701 dimensibili,
977 1643 1344 1706 conspicietur
1386 1648 1440 1694 et
1482 1643 1605 1706 ipsa
1647 1643 1936 1706 tripliciter
1962 1650 1982 1685 2

255 1717 634 1768 dimensibilis.
676 1717 947 1780 Amplius,
981 1731 1143 1769 omne
1177 1731 1392 1780 corpus,
1427 1718 1471 1768 si
1504 1722 1787 1769 extrorsus
1817 1731 1933 1769 mo-

253 1797 411 1843 vetur
456 1791 818 1843 inanimatum
865 1792 981 1850 erit,
1028 1792 1073 1843 si
1118 1805 1251 1843 vero
1297 1792 1568 1843 introrsus
1612 1792 1931 1843 animatum.

255 1864 311 1916 Si
342 1865 510 1928 igitur
539 1878 740 1928 corpus
770 1870 854 1916 est
885 1866 1082 1923 anima,
1114 1866 1159 1916 si
1187 1865 1409 1929 quidem
1439 1870 1723 1916 extrorsus
1747 1879 1936 1917 move-

258 1945 358 1998 tur,
404 1939 707 1991 inanimata
752 1940 867 1998 erit,
915 1940 960 1991 si
1005 1953 1138 1992 vero
1184 1940 1470 1999 introrsuS,
1515 1939 1773 1992 animata.
1824 1939 1933 1992 Sed

258 2019 342 2066 est
383 2014 776 2066 inconveniens
820 2020 874 2066 et
916 2015 1215 2066 animatam
1258 2019 1313 2066 et
1355 2015 1713 2066 inanimatam
1755 2013 1935 2066 dicere
1962 2022 1982 2057 2

258 2088 514 2139 animam.
557 2087 681 2140 Non
713 2089 879 2152 igitur
910 2102 1111 2152 corpus
1141 2089 1339 2139 anima.
1379 2087 1651 2152 AmpliuS,
1681 2088 1727 2139 si
1751 2088 1935 2139 anima

256 2162 507 2220 nutritur,
548 2163 619 2213 ab
661 2163 987 2225 incorporeo
1029 2164 1289 2220 nutritur;
1331 2176 1452 2214 eam
1493 2175 1732 2225 namque
1772 2161 1933 2214 disci-

323 2327 348 2367 2
383 2328 430 2369 Si
463 2329 599 2378 igitur
629 2329 769 2369 virtus
802 2329 1018 2379 duplicat
1050 2327 1088 2370 C
1281 2328 1307 2368 3
1339 2329 1434 2369 iter.
1466 2329 1604 2368 utem.
1636 2327 1819 2377 transp.
1842 2326 1876 2366 A

255 2398 348 2428 non
365 2387 444 2429 PA
480 2397 575 2428 non
600 2399 626 2429 e
654 2387 692 2428 C
719 2398 814 2427 non
840 2383 887 2436 (ὁ
905 2384 980 2437 =)
999 2390 1068 2429 est
1091 2388 1128 2428 Β
1201 2387 1227 2427 4
1253 2379 1574 2434 materiatum¹l
1601 2385 1936 2426 materialiterA

315 2447 533 2496 quiddam
557 2446 591 2487 A
656 2458 684 2486 a
715 2447 902 2488 materia
934 2447 1216 2488 materiatum
1250 2443 1359 2496 (hoc
1381 2441 1506 2495 ord.)
1535 2445 1577 2485 D
1698 2443 1725 2484 6
1758 2442 1961 2490 Quid—.

256 2503 397 2555 quod]
426 2505 563 2552 Quod
587 2507 670 2547 erit
693 2506 854 2546 dicitur
878 2505 989 2554 quid
1015 2504 1053 2547 C
1148 2506 1172 2545 7
1205 2500 1568 2552 immateriatum]
1596 2503 1878 2544 materiatum
1903 2502 1936 2544 A

317 2564 370 2604 12
406 2558 587 2613 {stotum
614 2559 645 2594 ll
654 2575 735 2615 per
759 2563 796 2606 C
857 2563 911 2604 14
942 2566 1000 2605 sit
1023 2576 1112 2606 om.
1136 2564 1171 2606 A
1246 2564 1299 2605 17
1332 2563 1583 2614 quantitate
1608 2563 1823 2612 duplicat
1843 2562 1878 2603 A

261 2623 312 2663 18
345 2627 495 2665 autem
528 2636 676 2676 supra
707 2635 825 2665 vers.
857 2625 1011 2675 suppl.
1035 2617 1097 2665 A²
1129 2625 1182 2665 ut
1211 2625 1302 2664 vid.
1395 2621 1697 2663 dimensibilis
1731 2614 1789 2663 C¹
1819 2633 1938 2663 corr.

259 2675 316 2723 C²
340 2684 392 2722 ut
415 2683 506 2724 vid.
569 2683 859 2725 indivisibilis
882 2682 917 2724 A
995 2682 1050 2723 19
1080 2693 1188 2724 vero
1213 2681 1260 2723 M
1290 2684 1338 2722 ut
1361 2681 1398 2722 B
1470 2679 1526 2720 20
1558 2680 1837 2729 conspicitur
1861 2679 1940 2721 CB

316 2740 489 2781 21—22
521 2745 768 2784 extrorsum
803 2773 814 2784 .
841 2773 850 2782 .
878 2773 887 2783 .
920 2743 1159 2783 introrsum
1189 2740 1269 2783 CB
1370 2741 1484 2791 post
1506 2741 1712 2781 movetur
1733 2740 1778 2780 d.
1795 2739 1825 2779 t.
1843 2749 1884 2780 υ.
1908 2736 1937 2787 ἢ

259 2796 448 2839 ἔνδοθεν
483 2820 535 2828 —-
569 2796 740 2840 ἔξωθεν
901 2801 955 2841 23
999 2802 1037 2842 si
1070 2800 1255 2851 quidem
1288 2810 1373 2850 eqo
1406 2810 1508 2840 cum
1539 2798 1615 2849 By
1659 2792 1719 2847 (εἰ
1757 2793 1858 2847 μὲν)
1901 2798 1938 2838 si

261 2858 387 2909 quod
409 2858 445 2900 A
471 2860 511 2901 si
532 2859 572 2901 P
594 2862 640 2902 et
663 2860 702 2901 sl
728 2860 767 2903 C
786 2863 832 2903 et
854 2860 892 2901 Β
1033 2858 1207 2901 23-24
1239 2860 1458 2901 extrorset
1490 2889 1499 2898 .
1527 2889 1536 2898 .
1564 2889 1573 2898 .
1607 2858 1815 2898 introrset
1847 2855 1886 2897 C

261 2917 316 2958 25
349 2918 530 2960 inconv.
564 2921 633 2960 est
665 2921 709 2959 et
742 2930 813 2959 an.
849 2919 934 2965 dic.
969 2930 1040 2959 an.
1074 2921 1119 2960 et
1150 2919 1272 2959 inan.
1305 2914 1426 2968 (hoc.
1461 2913 1582 2966 ord.)
1628 2915 1660 2957 A
