1982 3172
0 47 21 152 I
433 73 517 119 DE
551 70 1079 119 PRAEELECTIONE
1113 70 1251 117 CAP.
1279 70 1475 117 XXXIII
1551 75 1557 79 ’
1703 79 1804 128 119

113 211 267 269 finis;
306 223 447 274 quae
486 223 619 261 vero
660 214 788 261 sunt
827 209 882 259 in
923 207 1171 267 consilio,
1212 213 1340 259 sunt
1375 221 1571 259 versus
1610 207 1796 260 finem.

110 284 382 349 Amplius,
407 284 544 336 haec
574 284 695 336 sola
725 283 1132 348 praeeligimus,
1164 296 1305 347 quae
1335 295 1433 347 per
1459 296 1565 334 nos
1594 283 1797 334 scimus
1864 294 1890 335 9

112 373 278 424 posse
307 358 454 417 fieri;
489 358 844 410 consiliamur
876 363 1061 410 autem
1097 357 1166 409 de
1198 357 1284 409 his
1316 358 1498 416 etiam,
1530 371 1672 421 quae
1701 371 1798 421 per

110 447 214 485 nos
244 447 355 486 non
390 434 648 485 novimus
684 433 821 492 fieri,
857 438 918 485 ut
953 432 1243 484 devincere
1277 431 1518 496 aliquem
1550 431 1796 484 militem.

0 515 9 564 ὲ
66 508 254 565 sQuia
293 508 460 573 igitur
500 522 603 559 nec
642 508 796 560 furor
835 513 921 560 est
961 521 1063 559 nec
1104 506 1441 559 desiderium
1479 520 1581 559 nec
1617 507 1796 558 consi-
1835 518 1889 559 10

112 583 245 634 lium
273 582 618 647 praeelectiO,
651 582 996 634 sufficienter
1025 587 1311 634 ostensum
1342 587 1451 640 est;
1483 581 1633 646 quod
1663 596 1796 633 vero

109 671 211 709 nec
250 658 521 710 sententia
564 658 648 716 sit,
688 656 1047 709 manifestum
1091 656 1158 707 fit
1197 662 1252 708 et
1293 670 1391 720 per
1428 656 1530 707 has
1570 656 1796 708 demon-

112 733 406 785 strationes
436 738 491 783 et
527 746 622 797 per
657 732 811 783 aliaS.
858 730 1141 784 Sententia
1175 731 1320 783 enim
1355 745 1466 782 non
1501 730 1682 782 solum
1713 737 1797 782 est

110 821 317 865 eorum,
356 820 498 871 quae
539 807 593 858 in
631 806 808 865 nobis,
850 806 949 858 sed
988 806 1155 857 etiam
1198 806 1658 870 sempiternorum
1696 812 1796 857 est.

44 893 86 929 ιο
106 880 378 946 Amplius,
403 881 730 933 sententiam
761 880 984 945 quidem
1011 894 1201 932 veram
1232 879 1467 932 dicimus
1495 886 1550 931 et
1578 880 1795 939 falsam,
1834 892 1883 933 11

109 955 566 1019 praeelectionem
606 969 740 1007 vero
783 968 885 1006 nec
923 969 1113 1006 veram
1158 955 1392 1006 dicimus
1434 968 1536 1006 nec
1577 954 1794 1006 falsam.

107 1028 171 1082 Et
202 1030 473 1082 sententia
508 1030 731 1095 quidem
764 1035 850 1082 est
885 1029 1297 1088 universalium,
1334 1029 1664 1094 praeelectio
1699 1044 1795 1080 au-

108 1110 216 1156 tem
251 1104 664 1169 particularium
701 1104 790 1156 vel
827 1118 1034 1163 eorum,
1073 1118 1214 1168 quae
1252 1118 1349 1168 per
1386 1104 1630 1169 singula;
1663 1119 1793 1155 nam

107 1179 248 1230 circa
273 1184 429 1231 actus
459 1185 544 1231 est
573 1179 928 1244 praeelectio;
961 1179 1059 1230 sed
1090 1185 1145 1230 et
1172 1179 1228 1230 hi
1256 1192 1447 1230 eorum
1476 1185 1619 1238 sunt,
1652 1193 1793 1243 quae

41 1268 83 1303 15
107 1267 203 1318 per
228 1253 462 1318 singula.
503 1253 611 1306 Sed
642 1253 932 1306 consilium
962 1267 1073 1305 non
1103 1259 1188 1306 est
1216 1253 1563 1318 praeelectio.
1601 1253 1794 1305 Consi·
1832 1265 1885 1306 12

107 1328 240 1380 lium
282 1329 482 1380 etenim
526 1334 610 1380 est
651 1329 935 1393 inquisitio
980 1328 1049 1380 de
1089 1328 1302 1381 eisdem
1345 1328 1595 1393 agendis,
1637 1343 1793 1393 prae-

105 1403 338 1455 electum
373 1416 523 1462 vero,
564 1404 714 1468 quod
752 1418 785 1454 a
825 1403 1056 1455 consilio
1095 1404 1380 1468 processit.
1431 1403 1791 1456 Manifestum

104 1478 285 1541 igitur,
311 1477 461 1542 quod
493 1478 783 1530 consilium
815 1479 885 1529 sit
914 1478 969 1528 in
1000 1479 1109 1529 iam
1138 1478 1431 1543 inquisitis,
1459 1478 1790 1542 praeelectio

102 1566 235 1604 vero
273 1553 328 1603 in
371 1552 479 1604 iam
520 1552 928 1618 praeiudicatiS.
982 1552 1129 1610 Quid
1170 1553 1338 1618 igitur
1376 1567 1489 1604 non
1528 1554 1598 1605 sit
1634 1567 1791 1617 prae·
1830 1564 1883 1606 13

35 1641 84 1679 20
104 1626 315 1686 electi0,
350 1626 555 1680 dictum
594 1633 701 1686 est;
739 1627 870 1692 quid
909 1633 1094 1680 autem
1133 1627 1216 1687 sit,
1255 1627 1519 1680 dicamus.
1566 1628 1661 1680 Est
1693 1628 1793 1692 igi-

104 1706 191 1751 tur
215 1701 480 1765 quiddam
510 1702 743 1755 mixtum
771 1717 839 1754 ex
870 1702 1101 1754 consilio
1130 1708 1186 1755 et
1212 1703 1418 1754 iudicio
1445 1709 1499 1754 et
1523 1704 1792 1767 appetitu,

106 1775 204 1827 sed
244 1789 347 1827 nec
388 1777 669 1839 appetitus
710 1783 795 1829 est
839 1777 1144 1829 secundum
1189 1791 1247 1829 se
1290 1778 1470 1841 ipsam
1512 1780 1614 1834 n'ec
1650 1778 1791 1829 iudi-

105 1850 247 1900 cium
283 1864 385 1901 nec
423 1851 713 1903 consilium
753 1851 950 1910 solum,
991 1851 1090 1903 sed
1129 1866 1197 1904 ex
1235 1852 1321 1903 his
1359 1852 1626 1916 quiddam
1663 1866 1790 1904 con-

106 1931 274 1975 stans,
323 1925 395 1977 Ut
432 1926 578 1976 enim
620 1926 853 1978 dicimus
894 1941 962 1978 ex
1001 1928 1187 1979 anima
1223 1934 1276 1980 et
1313 1942 1544 1992 corpore
1586 1929 1790 1979 animal

40 2015 84 2050 25
108 2004 374 2057 constare,
409 1998 507 2050 sed
545 2014 644 2051 nec
680 2014 880 2064 corpus
916 2014 1039 2061 esse
1078 2015 1174 2064 per
1211 2016 1269 2053 se
1303 2001 1507 2052 animal
1540 2016 1642 2054 nec
1677 2002 1791 2052 ani-

120 2119 234 2123 -,,..--
241 2120 287 2124 β,
295 2119 386 2124 *,.-,
394 2119 1138 2127 *Ἢ
1146 2123 1200 2127 „-
1209 2123 1244 2127 -,..
1252 2123 1346 2127 ,-—-
1352 2123 1440 2128 ..,.-..
1447 2124 1459 2127 ..
1465 2124 1701 2128 ----,.--,,.,,-.,Π

180 2195 196 2234 1
235 2189 379 2244 sunt¹l
406 2199 478 2236 est
504 2190 562 2237 C¹
585 2207 704 2237 corr.
730 2198 776 2237 in
803 2209 952 2248 mary.
978 2210 1036 2238 m.
1063 2199 1164 2239 rub.
1191 2198 1228 2239 C
1308 2198 1334 2238 2
1368 2196 1505 2248 quae]
1541 2199 1667 2249 quod
1699 2199 1732 2240 A

102 2254 216 2294 3—4
251 2266 331 2303 per
362 2266 448 2296 nos
478 2257 592 2305 post
622 2258 834 2297 novimus
863 2268 974 2307 pon.
1000 2257 1035 2298 A
1170 2258 1197 2298 4
1229 2269 1324 2298 non
1357 2269 1464 2299 nov.
1491 2260 1673 2309 transp.
1698 2259 1736 2300 Β

101 2316 212 2355 onte
236 2314 333 2355 fieri
367 2316 478 2356 add.
507 2325 646 2364 posse
671 2315 703 2356 A
829 2317 854 2356 5
887 2316 1008 2357 furor
1039 2320 1108 2359 est
1139 2317 1180 2358 D
1214 2317 1408 2359 furorem
1434 2318 1474 2358 Ρ
1589 2318 1616 2358 6
1649 2315 1792 2369 quod]

101 2375 209 2423 quia
241 2373 275 2414 A
461 2374 484 2414 7
520 2375 763 2416 manifesta
795 2376 828 2416 A
953 2376 1004 2416 nt
1036 2389 1125 2418 om.
1158 2377 1234 2418 AB
1415 2378 1442 2416 9
1475 2380 1546 2419 est
1576 2389 1666 2418 om.
1698 2377 1736 2419 Β

103 2433 156 2473 13
188 2433 262 2475 vel
289 2453 340 2460 —
368 2434 552 2484 singula
585 2446 732 2485 supra
766 2436 1100 2484 particularium
1134 2448 1222 2478 scr.
1247 2431 1306 2477 Ρι
1431 2436 1484 2476 14
1518 2436 1679 2478 horum
1714 2436 1795 2479 CB

162 2492 214 2532 15
247 2503 342 2533 non
375 2505 464 2534 om.
495 2493 584 2543 PC,
618 2495 776 2535 malim
809 2495 894 2536 sed
925 2506 1011 2537 nec
1045 2496 1287 2537 consilium
1321 2491 1440 2546 (ἀλλ’
1464 2492 1575 2535 οὐδὲ
1608 2492 1794 2546 βούλευ-

102 2549 198 2601 (lc),
231 2552 287 2603 cf.
319 2558 372 2593 22
451 2555 565 2603 post
596 2554 764 2603 praeel.
797 2556 842 2595 d.
875 2555 904 2595 i.
938 2566 978 2595 υ.
1012 2549 1114 2594 οἷον
1148 2551 1289 2605 βουλή
1425 2555 1478 2596 18
1512 2553 1620 2605 iam]
1654 2557 1791 2598 etiam

99 2612 392 2653 scribendum
432 2615 520 2654 aut
558 2614 646 2653 iarn
688 2614 776 2655 del.
814 2616 970 2656 censet
1007 2614 1079 2656 Ho
1172 2615 1414 2665 adquisitis
1446 2614 1481 2656 A
1631 2614 1685 2656 19
1725 2617 1791 2657 di-

99 2700 311 2741 iudicatis
343 2700 377 2742 A
457 2699 596 2752 Quid]
632 2701 771 2749 Quod
802 2702 836 2744 A
960 2702 1017 2743 20
1050 2701 1220 2753 autem]
1252 2714 1362 2746 vero
1395 2704 1430 2746 A
1554 2704 1610 2746 22
1642 2685 1672 2746 3
1702 2716 1792 2757 pro

99 2769 128 2828 fi
154 2789 192 2829 Β
268 2790 414 2839 ipsam
449 2789 490 2832 Ο
524 2794 570 2833 et
600 2792 682 2843 By,
717 2794 915 2842 exspect.
948 2804 1049 2834 cum
1083 2801 1111 2845 ρ
1145 2794 1310 2843 ipsum,
1342 2794 1470 2845 quod
1499 2793 1573 2836 Ho
1606 2797 1792 2847 recepti,

99 2849 530 2958 seglragdsciossan
557 2847 730 2902 ἑαυτὴν
755 2863 958 2894 errorem
985 2853 1229 2904 utriusque
1257 2855 1529 2905 interpretis
1557 2856 1795 2906 pepererit

249 2919 276 2950 e
345 2919 403 2951 ex
