1982 3172
642 108 726 154 DE
758 107 913 154 VISU·
939 105 1077 152 CAP.
1104 104 1188 150 Vll
1701 108 1767 155 75

85 250 320 317 cipantia
352 247 573 313 quidem
612 252 738 298 sunt
773 242 1114 296 dinoscibilis
1149 241 1325 293 virtus
1361 245 1415 290 et
1450 237 1766 301 disciplina-

83 326 220 385 bilis,
258 323 626 375 deservientia
665 333 798 372 vero
839 332 1035 370 sensus
1073 322 1128 368 et
1166 322 1352 367 motus
1390 313 1462 365 ad
1501 312 1763 377 placitum

85 401 366 462 virtusque
405 396 630 448 vocalis.
696 395 907 447 Etenim
948 398 1132 444 motus
1172 396 1228 442 et
1268 404 1379 441 vox
1419 387 1768 439 velocissime
1810 396 1861 436 14

83 481 136 528 et
176 474 386 536 absque
447 485 601 523 mora
661 469 970 522 obaudiunt
1015 466 1245 517 consilio
1291 464 1552 516 notitiae·
1592 461 1766 513 Simul

41 565 67 601 5
87 551 246 606 enim,
271 548 401 598 dum
431 546 639 609 aliquid
669 543 942 600 volumus,
971 554 1260 593 movemur
1288 539 1359 590 ad
1388 538 1535 589 idem
1559 536 1770 588 nullum

87 627 471 687 exspectantes
514 627 732 682 tempus
777 619 916 669 inter
957 616 1301 667 voluntatem
1346 619 1399 664 et
1441 617 1670 670 motum,
1715 616 1772 661 ut

85 704 168 750 est
205 697 395 748 videre
437 696 491 746 in
533 695 831 758 digitorum
874 698 1043 743 motu.
1107 690 1172 741 Et
1211 688 1546 740 naturalium
1585 692 1768 737 autem
1815 695 1865 735 15

93 772 364 836 quaedam
401 775 528 821 sunt
566 770 668 820 sub
706 766 1121 831 dispensatione
1160 763 1379 815 virtutis
1418 760 1776 818 dinoscibilis,

94 853 152 899 ut
178 859 318 910 quae
347 850 616 896 vocantur
646 842 951 906 passiones

31 1039 72 1074 ιο
760 1016 874 1086 DE
921 1015 1115 1085 VISU
1821 1089 1850 1136 7

182 1157 347 1210 Visus
385 1158 685 1221 aequivoce
728 1156 940 1207 dicitur.
1003 1153 1215 1206 Etenim
1256 1158 1310 1204 et
1352 1166 1548 1203 sensus
1589 1156 1641 1202 et
1678 1150 1784 1200 vir·
1823 1159 1840 1199 1

95 1239 183 1285 tus
206 1232 481 1284 sensibilis
508 1233 663 1283 visus
692 1231 961 1282 dicuntur.
1012 1227 1464 1291 Hipparchus
1491 1239 1625 1276 vero
1655 1225 1785 1275 dicit
1821 1234 1845 1274 2

101 1307 285 1359 radios
326 1307 395 1358 ab
440 1306 614 1358 oculis
657 1312 918 1357 extensos
961 1304 1032 1355 ad
1078 1303 1342 1354 terminos
1384 1315 1593 1359 eorum,
1634 1299 1787 1351 velut

100 1396 295 1433 manus
335 1383 388 1432 in
432 1381 667 1433 tactibus
707 1380 996 1431 adiunctas
1038 1377 1405 1429 exterioribus
1446 1375 1787 1438 corporibus,

38 1470 78 1505 ¹5
104 1465 160 1511 ut
185 1461 340 1512 detur
366 1474 553 1511 eorum
580 1459 856 1522 susceptio
884 1458 954 1508 ad
979 1456 1210 1507 visibile.
1246 1454 1577 1506 Geometri
1607 1458 1789 1504 autem
1825 1458 1851 1498 3

102 1531 358 1594 pulveres
387 1529 659 1594 quosdam
695 1529 1013 1580 describunt
1046 1527 1225 1578 factos
1258 1540 1327 1577 ex
1361 1525 1674 1577 concisione
1707 1538 1790 1574 ra-

102 1605 319 1657 diorum
343 1605 793 1657 transmissorum
824 1603 893 1654 ab
922 1602 1112 1654 oculiS.
1166 1601 1383 1653 Mittere
1411 1600 1557 1651 enim
1587 1599 1791 1656 radios,

103 1680 356 1732 dextrum
381 1679 602 1743 quidem
632 1678 853 1730 oculum
881 1678 952 1728 ad
984 1677 1220 1735 sinistra,
1251 1676 1533 1726 sinistrum
1560 1688 1694 1725 vero
1719 1673 1790 1724 ad

104 1754 321 1812 dextra;
341 1760 398 1806 et
426 1767 494 1805 ex
523 1754 835 1805 concisione
863 1766 1055 1804 eorum
1088 1750 1280 1815 perfici
1310 1749 1620 1813 pulverem;
1645 1748 1792 1799 unde

38 1843 83 1878 20
106 1828 372 1892 contingit
407 1827 568 1879 simul
609 1827 831 1891 quidem
867 1827 1049 1878 visum
1089 1825 1331 1877 visibilia
1367 1824 1542 1875 multa
1580 1837 1792 1887 capere,

104 1902 294 1954 videre
325 1907 510 1954 autem
547 1902 788 1966 perfecte
823 1915 903 1961 ea,
940 1901 995 1952 in
1033 1901 1233 1964 quibus
1269 1894 1604 1951 Conveniunt
1637 1898 1792 1949 radii.

107 1977 196 2028 Sic
227 1977 395 2041 igitur
431 1976 747 2040 frequenter
781 1977 1134 2040 inspicientes
1171 1975 1227 2025 in
1266 1974 1645 2038 pavimentum
1682 1987 1792 2024 non
1829 1980 1853 2020 4

106 2051 361 2102 videmus
381 2051 436 2101 in
463 2051 586 2114 ipso
611 2065 896 2101 nummum
923 2051 1208 2108 iacentem,
1235 2048 1583 2101 attendentes
1609 2053 1792 2099 autem

110 2125 421 2190 plurimum,
447 2125 623 2177 donec
650 2125 1067 2176 commissiones
1096 2124 1378 2175 radiorum
1407 2123 1462 2174 in
1491 2121 1643 2173 illam
1673 2136 1795 2186 par-

43 2213 88 2249 25
109 2206 218 2251 tem
240 2200 574 2263 contingant,
600 2199 693 2250 ubi
718 2200 855 2250 situs
881 2205 963 2251 est
986 2213 1271 2256 nummus;
1295 2204 1426 2250 tunc
1441 2198 1588 2249 visui
1613 2197 1796 2248 reddi-

109 2289 232 2325 mus
273 2274 427 2324 illum
474 2274 631 2336 quasi
675 2279 805 2324 tunc
847 2275 1082 2336 primum
1128 2274 1452 2335 incipientes
1496 2271 1795 2323 attendere.

185 2410 204 2450 1
239 2411 379 2466 virtus
413 2421 466 2451 ac
499 2409 773 2459 disciplinal'
797 2409 832 2451 A
958 2409 984 2450 2
1018 2413 1190 2450 motum
1223 2409 1260 2450 Β
1381 2407 1408 2448 4
1441 2407 1680 2448 obaudivit
1703 2407 1741 2448 Β

109 2470 240 2510 simil’
272 2470 310 2511 B
340 2470 496 2510 simil'r
522 2486 574 2500 =
606 2469 811 2511 similiter
840 2469 875 2511 A
1111 2469 1138 2509 6
1170 2479 1300 2518 exsp.
1332 2470 1515 2517 tempus
1548 2469 1732 2518 transp.
1765 2466 1799 2507 A

169 2529 284 2571 inter
313 2540 368 2571 ex
399 2531 458 2576 et,
492 2532 544 2571 ut
574 2530 681 2578 vid„
715 2540 833 2570 corr.
865 2521 927 2569 P²
1043 2528 1067 2568 7
1101 2528 1155 2568 Et
1186 2539 1276 2569 om.
1308 2527 1392 2568 AB
1513 2525 1540 2567 8
1573 2527 1800 2576 quaedam

111 2590 216 2628 sunt
246 2590 427 2640 transp.
451 2589 489 2630 Β
610 2588 636 2628 9
665 2590 779 2640 post
809 2591 857 2628 ut
889 2599 1060 2630 rasura
1091 2592 1145 2628 36
1166 2588 1262 2638 sere
1287 2587 1393 2637 litt„
1426 2598 1567 2637 quam
1593 2587 1800 2637 spatium

111 2658 209 2688 vac.
244 2651 293 2688 10
330 2648 425 2699 fere
457 2650 547 2689 litt.
579 2650 793 2699 sequitur
825 2643 985 2697 (erasa
1017 2649 1110 2689 vid.
1143 2658 1278 2688 voces
1309 2657 1404 2697 seq.
1436 2647 1564 2686 visus
1596 2646 1801 2687 sensibil’

109 2704 254 2757 visus)
286 2706 321 2747 A
515 2707 570 2748 10
601 2707 672 2749 De
703 2708 804 2748 visu
837 2707 876 2748 Ρ
903 2711 930 2748 9
961 2708 1052 2748 litt.
1083 2706 1122 2747 B
1153 2718 1242 2747 om.
1275 2706 1310 2747 A
1344 2716 1491 2757 aeque
1524 2717 1581 2746 ac
1615 2709 1676 2754 72,
1695 2710 1747 2746 16

113 2765 168 2806 13
200 2769 288 2807 ext.
318 2768 431 2817 post
460 2767 552 2808 rad.
581 2779 694 2820 pon.
727 2767 811 2808 AB
974 2766 1027 2807 14
1060 2766 1300 2807 adiunctas
1331 2776 1422 2806 om.
1453 2764 1488 2806 A
1655 2764 1710 2805 18
1742 2765 1801 2805 si-

111 2826 251 2866 nistra
283 2821 443 2876 (super
474 2837 502 2867 a
532 2838 654 2869 eras.
689 2824 752 2876 m)
784 2827 825 2868 Ρ
961 2825 1015 2866 19
1048 2828 1093 2867 et
1125 2836 1214 2866 om.
1248 2824 1332 2866 AB
1453 2823 1509 2865 20
1541 2824 1675 2865 simil'
1707 2824 1745 2866 Β

113 2884 168 2925 22
202 2881 351 2936 igitur]
385 2886 507 2927 enim
538 2887 576 2928 Β
721 2886 775 2926 24
808 2886 1160 2927 commtxtiones
1192 2884 1226 2925 A
1374 2883 1429 2924 25
1463 2877 1712 2938 nummussl
1739 2880 1805 2934 (et

113 2941 288 2995 eras.?)
320 2944 360 2985 Ρ
389 2946 560 2985 nummi
593 2946 630 2986 Β
1662 2951 1665 2953 ·
