1982 3172
96 66 183 113 AB
216 65 481 112 ALFANO
516 65 581 110 IN
616 63 905 110 LATINUM
941 62 1381 109 TRANSLATUM
1417 61 1555 108 CAP.
1582 62 1620 108 11
1671 70 1739 118 39

53 205 344 257 trariorum
377 217 487 254 non
522 208 607 254 est
643 202 973 265 susceptiva,
1009 200 1107 252 sed
1145 214 1284 264 quae
1320 206 1404 252 est
1433 200 1736 252 secundum

54 279 373 336 subiectum,
402 278 508 328 hoc
536 283 619 328 est
650 276 968 341 corporalis.
1006 275 1209 326 Anima
1237 276 1405 340 igitur
1435 274 1738 326 secundum
1774 288 1830 328 63

0 350 2 366 ²
53 353 263 404 nullum
291 352 519 404 modum
551 357 734 415 potest
761 351 1170 414 explementum
1200 350 1447 413 corporis
1475 363 1613 408 esse,
1643 349 1740 401 sed

53 429 154 479 erit
198 428 508 479 substantia
553 428 894 490 incorporea,
942 426 1142 477 suimet
1186 425 1480 488 expletiva.
1539 424 1741 476 Secun-

0 504 31 539 Ξῖ
55 502 186 553 dum
223 508 435 566 partem
472 503 672 553 etenim
712 502 941 564 suscipit
978 501 1266 558 contraria,
1304 505 1364 551 ut
1399 500 1658 551 virtutem
1690 505 1742 550 et

54 578 263 635 vitium,
307 591 446 640 quae
490 591 600 628 non
645 582 828 640 potest
871 577 1100 639 species>
1129 576 1423 637 suscipere.
1528 573 1742 626 Deinde
1778 587 1832 627 64

55 651 209 703 dicit:
267 651 687 715 Explementum
747 651 1071 702 existentem
1117 651 1358 701 animam
1402 649 1741 701 immobilem

54 740 177 778 esse
210 726 512 778 secundum
546 740 604 777 se
637 727 831 788 ipsam,
863 726 1074 776 moveri
1107 730 1291 776 autem
1327 724 1630 776 secundum
1657 738 1744 775 ac-

57 801 268 859 cidens;
310 800 555 864 nihilque
597 801 990 852 inconveniens
1035 799 1373 851 immobilem
1417 800 1743 851 existentem

15 877 278 928 0movere
322 889 438 927 nos
496 874 707 926 Etenim
755 874 1109 938 pulchritudo
1154 874 1455 926 immobilis
1501 875 1744 925 existens

56 955 242 1002 movet
272 964 389 1001 nos.
434 949 543 1000 Sed
577 950 622 1000 si
654 949 759 1000 hoc
790 955 889 1007 est,
923 949 1073 1013 quod
1100 955 1183 1001 est
1215 948 1513 1007 immobile,
1542 954 1743 1000 movet.
1781 962 1836 1002 65

57 1023 180 1083 Sed,
213 1024 362 1088 quod
395 1024 718 1076 naturaliter
749 1024 915 1075 habet
946 1024 1172 1083 moveri,
1205 1029 1393 1075 movet
1425 1029 1478 1075 et
1503 1038 1614 1075 non
1647 1024 1746 1074 im·

57 1099 276 1151 mobile.
313 1098 369 1163 Si
398 1099 564 1163 igitur
592 1113 793 1162 corpus
821 1113 918 1162 per
946 1113 1004 1150 se
1030 1105 1242 1150 motum
1264 1098 1506 1157 haberet,
1533 1098 1747 1149 nullum
1825 1161 1832 1167 ,

58 1179 205 1226 esset
242 1174 635 1226 inconveniens
674 1175 857 1238 ipsum
896 1175 1106 1225 moveri
1145 1174 1215 1225 ab
1254 1173 1539 1226 immobili.
1590 1173 1750 1225 Nunc

0 1248 36 1283 ²⁵
59 1262 192 1300 vero
250 1248 594 1313 impossibile
638 1254 722 1301 est
766 1248 1047 1300 immobile
1091 1250 1302 1300 moveri
1347 1249 1417 1300 ab
1463 1249 1748 1300 immobili.

59 1322 218 1375 Unde
260 1324 426 1387 igitur
469 1324 685 1387 corpori
729 1324 955 1382 moveri,
996 1324 1102 1375 nisi
1146 1324 1216 1375 ab
1259 1325 1483 1374 anima?
1531 1324 1748 1387 Corpus

60 1398 206 1449 enim
260 1412 371 1449 non
429 1403 512 1450 est
569 1413 666 1462 per
723 1413 781 1450 se
824 1398 1043 1450 mobile.
1098 1399 1337 1450 Primam
1374 1400 1544 1463 igitur
1584 1413 1749 1462 gene·
1784 1410 1841 1451 66

62 1473 330 1525 rationem
358 1478 543 1525 motus
572 1472 768 1525 volens
799 1474 1090 1525 ostendere
1119 1488 1230 1524 non
1262 1474 1513 1537 primam,
1545 1474 1643 1526 sed
1668 1489 1751 1525 se-

63 1547 299 1599 cundam
334 1547 591 1600 ostendit.
638 1547 694 1600 Si
729 1549 875 1599 enim
908 1563 1019 1600 non
1055 1549 1259 1600 mobile
1293 1550 1482 1608 movit,
1512 1550 1751 1613 primum

0 1621 40 1657 2⁰
63 1621 192 1673 fecit
222 1628 458 1679 motum;
492 1623 536 1674 si
568 1637 701 1674 vero
732 1623 936 1675 mobile
969 1638 1066 1687 per
1098 1638 1156 1675 se
1182 1629 1235 1675 et
1266 1623 1425 1675 aliter
1451 1625 1641 1682 movit,
1670 1638 1752 1676 se-

64 1696 227 1747 cundi
254 1702 439 1749 motus
468 1698 879 1761 generationem
909 1699 1153 1761 expetiit.
1191 1698 1351 1750 Unde
1381 1700 1548 1763 igitur
1576 1700 1754 1763 prima
1787 1710 1842 1751 67

63 1772 346 1834 generatio
389 1778 572 1824 motus
617 1774 873 1836 corpori?
926 1773 1119 1825 Dicere
1161 1788 1400 1837 namque
1443 1788 1476 1824 a
1519 1789 1578 1826 se
1615 1775 1753 1838 ipsis

65 1846 274 1897 moveri
292 1846 586 1906 elementa,
618 1847 754 1898 haec
784 1847 1006 1910 quidem
1040 1848 1184 1899 levia
1215 1854 1427 1907 natura,
1457 1849 1594 1901 haec
1620 1864 1753 1901 vero

66 1920 273 1983 gravia,
309 1919 512 1972 falsum
548 1927 646 1973 est.
694 1921 751 1974 Si
786 1924 930 1973 enim
969 1923 1167 1974 levitas
1202 1929 1256 1974 et
1285 1925 1532 1987 gravitas
1569 1929 1755 1976 motus

139 2070 164 2111 2
197 2071 332 2122 Igitur
361 2071 560 2112 animam
591 2073 626 2113 A
831 2073 857 2114 3
889 2085 994 2115 esse
1026 2086 1116 2115 om.
1148 2074 1182 2115 A
1391 2074 1416 2115 4
1450 2073 1632 2125 suimet]
1668 2076 1753 2118 sed

66 2131 214 2171 minus
245 2130 279 2171 A
442 2131 468 2171 6
501 2134 652 2181 potest
684 2131 725 2174 Ο
760 2134 908 2182 potuit
937 2134 1024 2184 Ho,
1058 2135 1142 2175 sed
1173 2130 1367 2173 δύναται
1399 2136 1488 2185 leq.
1523 2137 1755 2186 interpres

64 2190 309 2232 Armenius
431 2202 556 2240 spec.
590 2203 709 2233 susc.
744 2194 925 2243 transp.
959 2193 993 2234 A
1223 2194 1249 2235 8
1282 2192 1453 2244 autem]
1487 2206 1597 2236 vero
1630 2195 1663 2235 A

66 2250 92 2290 9
125 2247 348 2300 nihilque]
383 2251 495 2290 nihil
529 2252 637 2300 quia
668 2251 702 2292 A
949 2253 1001 2293 10
1035 2254 1178 2295 verba
1213 2265 1397 2295 movere
1430 2274 1485 2281 —
1521 2265 1675 2296 ocnon
1710 2255 1756 2295 id

65 2312 136 2350 est
166 2305 277 2359 (105,
297 2307 342 2360 2)
383 2311 556 2352 desunt
594 2312 642 2352 ἰη
677 2310 737 2359 C,·
781 2314 886 2353 octo
927 2314 1048 2354 enim
1081 2315 1383 2355 membranae
1416 2315 1760 2356 interciderunt

122 2367 313 2410 imobsse
343 2369 378 2410 A
527 2370 575 2410 11
612 2364 705 2412 est²
736 2383 824 2411 om.
857 2371 891 2412 A
1047 2372 1100 2413 12
1134 2373 1274 2415 habet
1306 2375 1478 2415 moveri
1510 2374 1584 2415 Ho
1618 2374 1759 2415 habet

69 2439 251 2470 movere
283 2429 365 2470 ΡΒ
405 2431 587 2482 transp.
620 2430 678 2480 A,
724 2432 808 2471 cet.
841 2431 898 2482 cf.
934 2425 1171 2473 ‘indicem’
1422 2433 1476 2474 14
1517 2436 1641 2475 esset
1672 2434 1758 2474 ΡΒ

69 2488 205 2528 etlam
237 2487 271 2528 A
366 2489 453 2538 ipsi
485 2490 523 2530 B
614 2489 748 2530 Nunc
782 2510 836 2516 —
871 2491 1093 2532 immobili
1126 2504 1215 2533 om.
1249 2493 1286 2534 Β
1501 2492 1553 2533 17
1598 2504 1679 2542 per
1709 2505 1760 2534 se

70 2556 164 2587 non
196 2549 266 2588 est
297 2543 419 2597 (hoc.
452 2545 575 2598 ord.)
608 2549 642 2590 A
858 2549 912 2590 19
944 2561 1039 2591 non
1073 2552 1244 2593 mobile
1278 2553 1419 2594 movit
1450 2551 1529 2593 PA
1569 2548 1762 2594 i'mobile

71 2603 176 2646 mosi
208 2606 246 2647 B
392 2607 447 2648 20
480 2608 566 2650 fec.
600 2612 707 2650 mot.
741 2611 924 2660 transp.
956 2610 994 2651 Β
1080 2612 1201 2651 mob.
1232 2615 1347 2663 post
1377 2623 1428 2653 se
1457 2623 1570 2662 pon.
1603 2611 1638 2652 A
1717 2616 1763 2654 et

70 2665 198 2705 aliter
230 2665 336 2707 mosi
367 2667 405 2707 Β
436 2667 564 2709 aliter
596 2670 737 2709 movit
760 2668 793 2709 A
919 2669 970 2710 21
1007 2668 1214 2720 expetiit]
1249 2672 1437 2721 expedit
1463 2671 1535 2712 Ho
1570 2673 1763 2721 exponit

68 2724 158 2775 Βρς
193 2727 390 2776 exspect.
409 2730 554 2768 20—-21
590 2732 743 2770 movet
775 2724 925 2778 (κινεῖ)
945 2759 955 2770 .
975 2759 984 2770 .
1004 2731 1224 2779 ‚exponit
1256 2727 1537 2782 (ἐξηγεῖται),
1572 2732 1628 2782 cf.
1653 2736 1762 2780 91,5

73 2784 362 2834 disponimus
387 2781 756 2838 (διεξερχόμεθα)
821 2799 884 2838 pr.
916 2799 1073 2839 gener.
1108 2791 1291 2842 transp.
1323 2791 1357 2832 A
1499 2790 1555 2832 23
1589 2792 1761 2833 moveri

67 2845 182 2894 post
213 2855 414 2895 namque
443 2857 556 2897 pon.
587 2846 623 2888 A
777 2847 899 2889 levia
930 2850 1091 2890 natura
1121 2849 1204 2891 ΡΒ
1237 2850 1469 2893 elementa
1500 2850 1622 2892 levia
1651 2850 1687 2892 A

73 2901 128 2943 24
161 2903 284 2944 enim
304 2923 358 2930 —
378 2915 420 2954 p.
440 2904 541 2953 40,1
569 2904 741 2956 essent]
771 2907 906 2959 igitur
928 2908 1128 2960 gravitas
1153 2912 1199 2953 et
1221 2910 1385 2954 levitas
1411 2912 1563 2953 motus
1586 2913 1711 2954 esset
1726 2910 1764 2955 Β
