<?xml version="1.0" encoding="UTF-8"?>
<!DOCTYPE html PUBLIC "-//W3C//DTD XHTML 1.0 Transitional//EN"
    "http://www.w3.org/TR/xhtml1/DTD/xhtml1-transitional.dtd">
<html xmlns="http://www.w3.org/1999/xhtml" xml:lang="en" lang="en">
 <head>
  <title>
</title>
<meta http-equiv="Content-Type" content="text/html;charset=utf-8" />
  <meta name='ocr-system' content='tesseract 3.04.00' />
  <meta name='ocr-capabilities' content='ocr_page ocr_carea ocr_par ocr_line ocrx_word'/>
</head>
<body>
  <div class='ocr_page' id='page_1' title='image "./nemesiiepiscopip00nemeuoft_0023.png"; bbox 0 0 1982 3172; ppageno 0'>
   <div class='ocr_carea' id='block_1_1' title="bbox 195 75 1793 133">
    <p class='ocr_par' dir='ltr' id='par_1_1' title="bbox 195 75 1793 133">
     <span class='ocr_line' id='line_1_1' title="bbox 195 75 1793 133; baseline -0.006 -3"><span class='ocrx_word' id='word_1_1' title='bbox 195 83 281 130; x_wconf 86' lang='grc' dir='ltr'>ΑΒ</span> <span class='ocrx_word' id='word_1_2' title='bbox 314 80 580 133; x_wconf 80' lang='lat' dir='ltr'><em>ALFANO</em></span> <span class='ocrx_word' id='word_1_3' title='bbox 615 80 683 126; x_wconf 81' lang='grc' dir='ltr'>ΙΝ·</span> <span class='ocrx_word' id='word_1_4' title='bbox 714 78 1004 125; x_wconf 81' lang='lat' dir='ltr'><strong>LATINUM</strong></span> <span class='ocrx_word' id='word_1_5' title='bbox 1037 76 1477 124; x_wconf 83' lang='lat' dir='ltr'><em>TRANSLATUM</em></span> <span class='ocrx_word' id='word_1_6' title='bbox 1513 75 1652 122; x_wconf 79' lang='lat' dir='ltr'>CAP.</span> <span class='ocrx_word' id='word_1_7' title='bbox 1679 75 1694 120; x_wconf 88' lang='lat'>1</span> <span class='ocrx_word' id='word_1_8' title='bbox 1764 84 1793 132; x_wconf 86' lang='grc'><strong>7</strong></span> 
     </span>
    </p>
   </div>
   <div class='ocr_carea' id='block_1_2' title="bbox 13 217 1891 2085">
    <p class='ocr_par' dir='ltr' id='par_1_2' title="bbox 106 217 1796 507">
     <span class='ocr_line' id='line_1_2' title="bbox 106 217 1796 287; baseline -0.005 -12"><span class='ocrx_word' id='word_1_9' title='bbox 106 231 158 276; x_wconf 89' lang='lat' dir='ltr'>et</span> <span class='ocrx_word' id='word_1_10' title='bbox 173 223 546 287; x_wconf 78' lang='lat' dir='ltr'>generativam</span> <span class='ocrx_word' id='word_1_11' title='bbox 564 222 831 279; x_wconf 90' lang='lat' dir='ltr'>virtutem,</span> <span class='ocrx_word' id='word_1_12' title='bbox 858 218 1316 270; x_wconf 82' lang='lat' dir='ltr'>irrationabilibus</span> <span class='ocrx_word' id='word_1_13' title='bbox 1341 223 1526 268; x_wconf 90' lang='lat' dir='ltr'>autem</span> <span class='ocrx_word' id='word_1_14' title='bbox 1554 222 1606 268; x_wconf 88' lang='lat' dir='ltr'>et</span> <span class='ocrx_word' id='word_1_15' title='bbox 1631 217 1684 266; x_wconf 90' lang='lat' dir='ltr'>in</span> <span class='ocrx_word' id='word_1_16' title='bbox 1712 217 1796 267; x_wconf 86' lang='lat' dir='ltr'>his</span> 
     </span>
     <span class='ocr_line' id='line_1_3' title="bbox 107 291 1794 363; baseline -0.005 -14"><span class='ocrx_word' id='word_1_17' title='bbox 107 298 346 363; x_wconf 89' lang='lat' dir='ltr'>quidem,</span> <span class='ocrx_word' id='word_1_18' title='bbox 372 296 678 348; x_wconf 91' lang='lat' dir='ltr'>secundum</span> <span class='ocrx_word' id='word_1_19' title='bbox 705 309 835 346; x_wconf 82' lang='lat' dir='ltr'>vero</span> <span class='ocrx_word' id='word_1_20' title='bbox 854 294 1293 345; x_wconf 86' lang='lat' dir='ltr'>moderationem</span> <span class='ocrx_word' id='word_1_21' title='bbox 1312 298 1364 343; x_wconf 89' lang='lat' dir='ltr'>et</span> <span class='ocrx_word' id='word_1_22' title='bbox 1383 306 1478 355; x_wconf 91' lang='lat' dir='ltr'>per</span> <span class='ocrx_word' id='word_1_23' title='bbox 1494 297 1705 343; x_wconf 87' lang='lat' dir='ltr'>motum</span> <span class='ocrx_word' id='word_1_24' title='bbox 1725 291 1794 341; x_wconf 91' lang='lat' dir='ltr'>ad</span> 
     </span>
     <span class='ocr_line' id='line_1_4' title="bbox 108 363 1787 433; baseline -0.004 -13"><span class='ocrx_word' id='word_1_25' title='bbox 108 369 369 433; x_wconf 87' lang='lat' dir='ltr'>placitum</span> <span class='ocrx_word' id='word_1_26' title='bbox 394 374 447 420; x_wconf 93' lang='lat' dir='ltr'>et</span> <span class='ocrx_word' id='word_1_27' title='bbox 472 382 569 431; x_wconf 90' lang='lat' dir='ltr'>per</span> <span class='ocrx_word' id='word_1_28' title='bbox 593 368 902 430; x_wconf 90' lang='lat' dir='ltr'>appetitum</span> <span class='ocrx_word' id='word_1_29' title='bbox 927 372 982 416; x_wconf 91' lang='lat' dir='ltr'>et</span> <span class='ocrx_word' id='word_1_30' title='bbox 1007 365 1251 416; x_wconf 83' lang='lat' dir='ltr'>furorem</span> <span class='ocrx_word' id='word_1_31' title='bbox 1274 370 1330 416; x_wconf 91' lang='lat' dir='ltr'>et</span> <span class='ocrx_word' id='word_1_32' title='bbox 1351 378 1447 427; x_wconf 89' lang='lat' dir='ltr'>per</span> <span class='ocrx_word' id='word_1_33' title='bbox 1471 363 1787 415; x_wconf 84' lang='lat' dir='ltr'>sensibilem</span> 
     </span>
     <span class='ocr_line' id='line_1_5' title="bbox 106 438 1790 507; baseline -0.005 -12"><span class='ocrx_word' id='word_1_34' title='bbox 106 450 271 507; x_wconf 89' lang='lat' dir='ltr'>atque</span> <span class='ocrx_word' id='word_1_35' title='bbox 295 443 528 494; x_wconf 82' lang='lat' dir='ltr'>flatilem</span> <span class='ocrx_word' id='word_1_36' title='bbox 553 443 828 493; x_wconf 90' lang='lat' dir='ltr'>virtutem.</span> <span class='ocrx_word' id='word_1_37' title='bbox 863 440 1014 491; x_wconf 89' lang='lat' dir='ltr'>Haec</span> <span class='ocrx_word' id='word_1_38' title='bbox 1035 441 1238 491; x_wconf 91' lang='lat' dir='ltr'>etenim</span> <span class='ocrx_word' id='word_1_39' title='bbox 1264 440 1450 490; x_wconf 83' lang='lat' dir='ltr'>omnia</span> <span class='ocrx_word' id='word_1_40' title='bbox 1475 438 1790 490; x_wconf 88' lang='lat' dir='ltr'>communia</span> 
     </span>
    </p>

    <p class='ocr_par' dir='ltr' id='par_1_3' title="bbox 13 513 1887 878">
     <span class='ocr_line' id='line_1_6' title="bbox 13 513 1790 572; baseline -0.003 -4"><span class='ocrx_word' id='word_1_41' title='bbox 13 552 16 557; x_wconf 64' lang='grc'><em>»</em></span> <span class='ocrx_word' id='word_1_42' title='bbox 53 534 77 568; x_wconf 79' lang='lat'><strong>5</strong></span> <span class='ocrx_word' id='word_1_43' title='bbox 109 524 236 570; x_wconf 91' lang='lat' dir='ltr'>sunt</span> <span class='ocrx_word' id='word_1_44' title='bbox 269 518 585 570; x_wconf 91' lang='lat' dir='ltr'>hominibus</span> <span class='ocrx_word' id='word_1_45' title='bbox 619 523 673 568; x_wconf 89' lang='lat' dir='ltr'>et</span> <span class='ocrx_word' id='word_1_46' title='bbox 706 515 1194 572; x_wconf 86' lang='lat' dir='ltr'>irrationabilibus,</span> <span class='ocrx_word' id='word_1_47' title='bbox 1229 514 1354 565; x_wconf 87' lang='lat' dir='ltr'>licet</span> <span class='ocrx_word' id='word_1_48' title='bbox 1387 527 1498 564; x_wconf 91' lang='lat' dir='ltr'>non</span> <span class='ocrx_word' id='word_1_49' title='bbox 1531 513 1790 564; x_wconf 91' lang='lat' dir='ltr'>omnibus</span> 
     </span>
     <span class='ocr_line' id='line_1_7' title="bbox 106 587 1887 655; baseline -0.006 -12"><span class='ocrx_word' id='word_1_50' title='bbox 106 593 306 644; x_wconf 90' lang='lat' dir='ltr'>omnia.</span> <span class='ocrx_word' id='word_1_51' title='bbox 342 591 708 655; x_wconf 88' lang='lat' dir='ltr'>Coniungitur</span> <span class='ocrx_word' id='word_1_52' title='bbox 730 596 915 642; x_wconf 93' lang='lat' dir='ltr'>autem</span> <span class='ocrx_word' id='word_1_53' title='bbox 941 603 1038 653; x_wconf 91' lang='lat' dir='ltr'>per</span> <span class='ocrx_word' id='word_1_54' title='bbox 1061 588 1549 640; x_wconf 88' lang='lat' dir='ltr'>rationabilitatem</span> <span class='ocrx_word' id='word_1_55' title='bbox 1566 587 1787 651; x_wconf 91' lang='lat' dir='ltr'>quidem</span> <span class='ocrx_word' id='word_1_56' title='bbox 1859 595 1887 633; x_wconf 82' lang='grc'>9</span> 
     </span>
     <span class='ocr_line' id='line_1_8' title="bbox 109 663 1792 730; baseline -0.002 -14"><span class='ocrx_word' id='word_1_57' title='bbox 109 667 448 730; x_wconf 87' lang='lat' dir='ltr'>incorporeis</span> <span class='ocrx_word' id='word_1_58' title='bbox 493 673 547 717; x_wconf 91' lang='lat' dir='ltr'>et</span> <span class='ocrx_word' id='word_1_59' title='bbox 591 664 1056 716; x_wconf 88' lang='lat' dir='ltr'>intellectualibus</span> <span class='ocrx_word' id='word_1_60' title='bbox 1101 665 1313 714; x_wconf 88' lang='lat' dir='ltr'>naturis</span> <span class='ocrx_word' id='word_1_61' title='bbox 1359 663 1694 714; x_wconf 90' lang='lat' dir='ltr'>ratiocinans</span> <span class='ocrx_word' id='word_1_62' title='bbox 1739 669 1792 712; x_wconf 92' lang='lat' dir='ltr'>et</span> 
     </span>
     <span class='ocr_line' id='line_1_9' title="bbox 110 738 1791 802; baseline -0.004 -10"><span class='ocrx_word' id='word_1_63' title='bbox 110 742 404 792; x_wconf 82' lang='lat' dir='ltr'>dinoscens</span> <span class='ocrx_word' id='word_1_64' title='bbox 447 754 514 791; x_wconf 91' lang='lat' dir='ltr'>ac</span> <span class='ocrx_word' id='word_1_65' title='bbox 557 739 869 790; x_wconf 88' lang='lat' dir='ltr'>diiudicans</span> <span class='ocrx_word' id='word_1_66' title='bbox 914 738 1135 802; x_wconf 87' lang='lat' dir='ltr'>singula</span> <span class='ocrx_word' id='word_1_67' title='bbox 1179 744 1233 789; x_wconf 90' lang='lat' dir='ltr'>et</span> <span class='ocrx_word' id='word_1_68' title='bbox 1277 739 1509 789; x_wconf 90' lang='lat' dir='ltr'>virtutes</span> <span class='ocrx_word' id='word_1_69' title='bbox 1555 750 1791 800; x_wconf 90' lang='lat' dir='ltr'>sequens</span> 
     </span>
     <span class='ocr_line' id='line_1_10' title="bbox 109 811 1791 878; baseline -0.003 -12"><span class='ocrx_word' id='word_1_70' title='bbox 109 817 483 878; x_wconf 90' lang='lat' dir='ltr'>virtutumque</span> <span class='ocrx_word' id='word_1_71' title='bbox 524 815 896 865; x_wconf 90' lang='lat' dir='ltr'>summitatem</span> <span class='ocrx_word' id='word_1_72' title='bbox 939 814 1351 875; x_wconf 86' lang='lat' dir='ltr'>concupiscens,</span> <span class='ocrx_word' id='word_1_73' title='bbox 1392 811 1791 862; x_wconf 90' lang='lat' dir='ltr'>beatitudinem</span> 
     </span>
    </p>

    <p class='ocr_par' dir='ltr' id='par_1_4' title="bbox 34 886 1888 1250">
     <span class='ocr_line' id='line_1_11' title="bbox 34 886 1888 951; baseline -0.004 -13"><span class='ocrx_word' id='word_1_74' title='bbox 34 903 78 939; x_wconf 86' lang='grc' dir='ltr'>ιο</span> <span class='ocrx_word' id='word_1_75' title='bbox 110 890 327 941; x_wconf 87' lang='lat' dir='ltr'>scilicet.</span> <span class='ocrx_word' id='word_1_76' title='bbox 375 889 616 951; x_wconf 86' lang='lat' dir='ltr'>Ideoque</span> <span class='ocrx_word' id='word_1_77' title='bbox 653 895 936 950; x_wconf 89' lang='lat' dir='ltr'>tamquam</span> <span class='ocrx_word' id='word_1_78' title='bbox 973 889 1027 937; x_wconf 92' lang='lat' dir='ltr'>in</span> <span class='ocrx_word' id='word_1_79' title='bbox 1063 887 1249 937; x_wconf 93' lang='lat' dir='ltr'>medio</span> <span class='ocrx_word' id='word_1_80' title='bbox 1285 893 1370 937; x_wconf 90' lang='lat' dir='ltr'>est</span> <span class='ocrx_word' id='word_1_81' title='bbox 1404 886 1793 937; x_wconf 87' lang='lat' dir='ltr'>intellectualis</span> <span class='ocrx_word' id='word_1_82' title='bbox 1836 892 1888 931; x_wconf 87' lang='lat'>10</span> 
     </span>
     <span class='ocr_line' id='line_1_12' title="bbox 106 961 1794 1027; baseline -0.003 -12"><span class='ocrx_word' id='word_1_83' title='bbox 106 971 270 1027; x_wconf 90' lang='lat' dir='ltr'>atque</span> <span class='ocrx_word' id='word_1_84' title='bbox 304 963 579 1015; x_wconf 88' lang='lat' dir='ltr'>sensibilis</span> <span class='ocrx_word' id='word_1_85' title='bbox 605 963 897 1020; x_wconf 89' lang='lat' dir='ltr'>essentiae,</span> <span class='ocrx_word' id='word_1_86' title='bbox 931 963 1257 1013; x_wconf 87' lang='lat' dir='ltr'>coniunctus</span> <span class='ocrx_word' id='word_1_87' title='bbox 1292 961 1515 1024; x_wconf 92' lang='lat' dir='ltr'>quidem</span> <span class='ocrx_word' id='word_1_88' title='bbox 1550 974 1647 1023; x_wconf 91' lang='lat' dir='ltr'>per</span> <span class='ocrx_word' id='word_1_89' title='bbox 1679 974 1794 1010; x_wconf 87' lang='lat' dir='ltr'>cor-</span> 
     </span>
     <span class='ocr_line' id='line_1_13' title="bbox 107 1036 1792 1101; baseline -0.002 -13"><span class='ocrx_word' id='word_1_90' title='bbox 107 1053 211 1101; x_wconf 91' lang='lat' dir='ltr'>pus</span> <span class='ocrx_word' id='word_1_91' title='bbox 235 1037 663 1101; x_wconf 87' lang='lat' dir='ltr'>corporalesque</span> <span class='ocrx_word' id='word_1_92' title='bbox 686 1038 919 1088; x_wconf 90' lang='lat' dir='ltr'>virtutes</span> <span class='ocrx_word' id='word_1_93' title='bbox 942 1036 1276 1087; x_wconf 90' lang='lat' dir='ltr'>animalibus</span> <span class='ocrx_word' id='word_1_94' title='bbox 1300 1036 1424 1087; x_wconf 90' lang='lat' dir='ltr'>aliis</span> <span class='ocrx_word' id='word_1_95' title='bbox 1448 1042 1502 1086; x_wconf 93' lang='lat' dir='ltr'>et</span> <span class='ocrx_word' id='word_1_96' title='bbox 1525 1037 1792 1086; x_wconf 91' lang='lat' dir='ltr'>inanima-</span> 
     </span>
     <span class='ocr_line' id='line_1_14' title="bbox 108 1111 1791 1175; baseline -0.002 -11"><span class='ocrx_word' id='word_1_97' title='bbox 108 1114 192 1171; x_wconf 87' lang='lat' dir='ltr'>tis,</span> <span class='ocrx_word' id='word_1_98' title='bbox 232 1126 328 1175; x_wconf 90' lang='lat' dir='ltr'>per</span> <span class='ocrx_word' id='word_1_99' title='bbox 368 1112 855 1163; x_wconf 90' lang='lat' dir='ltr'>rationabilitatem</span> <span class='ocrx_word' id='word_1_100' title='bbox 895 1125 1028 1162; x_wconf 92' lang='lat' dir='ltr'>vero</span> <span class='ocrx_word' id='word_1_101' title='bbox 1068 1112 1408 1174; x_wconf 89' lang='lat' dir='ltr'>incorporeis</span> <span class='ocrx_word' id='word_1_102' title='bbox 1450 1111 1791 1167; x_wconf 89' lang='lat' dir='ltr'>substantiis,</span> 
     </span>
     <span class='ocr_line' id='line_1_15' title="bbox 108 1185 1884 1250; baseline -0.002 -14"><span class='ocrx_word' id='word_1_103' title='bbox 108 1194 167 1238; x_wconf 87' lang='lat' dir='ltr'>ut</span> <span class='ocrx_word' id='word_1_104' title='bbox 204 1187 547 1250; x_wconf 88' lang='lat' dir='ltr'>praedictum</span> <span class='ocrx_word' id='word_1_105' title='bbox 586 1193 683 1238; x_wconf 86' lang='lat' dir='ltr'>est.</span> <span class='ocrx_word' id='word_1_106' title='bbox 788 1185 1014 1237; x_wconf 90' lang='lat' dir='ltr'>Creator</span> <span class='ocrx_word' id='word_1_107' title='bbox 1050 1187 1252 1237; x_wconf 89' lang='lat' dir='ltr'>etenim</span> <span class='ocrx_word' id='word_1_108' title='bbox 1291 1186 1568 1249; x_wconf 87' lang='lat' dir='ltr'>gradatim</span> <span class='ocrx_word' id='word_1_109' title='bbox 1606 1192 1660 1236; x_wconf 90' lang='lat' dir='ltr'>et</span> <span class='ocrx_word' id='word_1_110' title='bbox 1698 1199 1795 1248; x_wconf 88' lang='lat' dir='ltr'>per</span> <span class='ocrx_word' id='word_1_111' title='bbox 1837 1191 1884 1230; x_wconf 85' lang='lat'>11</span> 
     </span>
    </p>

    <p class='ocr_par' dir='ltr' id='par_1_5' title="bbox 35 1261 1889 1622">
     <span class='ocr_line' id='line_1_16' title="bbox 35 1261 1793 1318; baseline 0 -8"><span class='ocrx_word' id='word_1_112' title='bbox 35 1275 77 1310; x_wconf 80' lang='lat'>15</span> <span class='ocrx_word' id='word_1_113' title='bbox 109 1261 386 1313; x_wconf 91' lang='lat' dir='ltr'>modicum</span> <span class='ocrx_word' id='word_1_114' title='bbox 435 1262 719 1312; x_wconf 90' lang='lat' dir='ltr'>coniunxit</span> <span class='ocrx_word' id='word_1_115' title='bbox 764 1261 1075 1311; x_wconf 90' lang='lat' dir='ltr'>adinvicem</span> <span class='ocrx_word' id='word_1_116' title='bbox 1123 1261 1374 1311; x_wconf 91' lang='lat' dir='ltr'>diversas</span> <span class='ocrx_word' id='word_1_117' title='bbox 1434 1267 1678 1318; x_wconf 83' lang='lat' dir='ltr'>naturaS,</span> <span class='ocrx_word' id='word_1_118' title='bbox 1734 1267 1793 1310; x_wconf 88' lang='lat' dir='ltr'>ut</span> 
     </span>
     <span class='ocr_line' id='line_1_17' title="bbox 109 1336 1793 1398; baseline -0.001 -13"><span class='ocrx_word' id='word_1_119' title='bbox 109 1349 275 1386; x_wconf 90' lang='lat' dir='ltr'>unam</span> <span class='ocrx_word' id='word_1_120' title='bbox 316 1349 438 1386; x_wconf 90' lang='lat' dir='ltr'>esse</span> <span class='ocrx_word' id='word_1_121' title='bbox 480 1336 754 1398; x_wconf 89' lang='lat' dir='ltr'>uniusque</span> <span class='ocrx_word' id='word_1_122' title='bbox 794 1336 1013 1398; x_wconf 86' lang='lat' dir='ltr'>generis</span> <span class='ocrx_word' id='word_1_123' title='bbox 1054 1349 1273 1386; x_wconf 92' lang='lat' dir='ltr'>omnem</span> <span class='ocrx_word' id='word_1_124' title='bbox 1316 1341 1623 1386; x_wconf 90' lang='lat' dir='ltr'>creaturam</span> <span class='ocrx_word' id='word_1_125' title='bbox 1666 1348 1793 1385; x_wconf 91' lang='lat' dir='ltr'>con-</span> 
     </span>
     <span class='ocr_line' id='line_1_18' title="bbox 109 1410 1792 1472; baseline -0.001 -11"><span class='ocrx_word' id='word_1_126' title='bbox 109 1416 292 1461; x_wconf 88' lang='lat' dir='ltr'>staret.</span> <span class='ocrx_word' id='word_1_127' title='bbox 344 1410 503 1461; x_wconf 91' lang='lat' dir='ltr'>Unde</span> <span class='ocrx_word' id='word_1_128' title='bbox 545 1411 784 1460; x_wconf 89' lang='lat' dir='ltr'>maxime</span> <span class='ocrx_word' id='word_1_129' title='bbox 827 1416 978 1472; x_wconf 87' lang='lat' dir='ltr'>patet</span> <span class='ocrx_word' id='word_1_130' title='bbox 1019 1424 1189 1459; x_wconf 93' lang='lat' dir='ltr'>unum</span> <span class='ocrx_word' id='word_1_131' title='bbox 1231 1424 1354 1460; x_wconf 91' lang='lat' dir='ltr'>esse</span> <span class='ocrx_word' id='word_1_132' title='bbox 1395 1411 1642 1460; x_wconf 92' lang='lat' dir='ltr'>omnium</span> <span class='ocrx_word' id='word_1_133' title='bbox 1679 1411 1792 1459; x_wconf 87' lang='lat' dir='ltr'>exi-</span> 
     </span>
     <span class='ocr_line' id='line_1_19' title="bbox 108 1484 1889 1535; baseline -0.003 0"><span class='ocrx_word' id='word_1_134' title='bbox 108 1485 366 1535; x_wconf 91' lang='lat' dir='ltr'>stentium</span> <span class='ocrx_word' id='word_1_135' title='bbox 396 1491 714 1535; x_wconf 89' lang='lat' dir='ltr'>creatorem.</span> <span class='ocrx_word' id='word_1_136' title='bbox 754 1484 878 1535; x_wconf 93' lang='lat' dir='ltr'>Non</span> <span class='ocrx_word' id='word_1_137' title='bbox 906 1485 1051 1535; x_wconf 91' lang='lat' dir='ltr'>enim</span> <span class='ocrx_word' id='word_1_138' title='bbox 1081 1484 1261 1535; x_wconf 89' lang='lat' dir='ltr'>solum</span> <span class='ocrx_word' id='word_1_139' title='bbox 1291 1485 1467 1535; x_wconf 91' lang='lat' dir='ltr'>univit</span> <span class='ocrx_word' id='word_1_140' title='bbox 1493 1485 1791 1534; x_wconf 90' lang='lat' dir='ltr'>essentiam</span> <span class='ocrx_word' id='word_1_141' title='bbox 1837 1490 1889 1529; x_wconf 86' lang='lat'>12</span> 
     </span>
     <span class='ocr_line' id='line_1_20' title="bbox 108 1558 1791 1622; baseline 0.001 -14"><span class='ocrx_word' id='word_1_142' title='bbox 108 1558 526 1610; x_wconf 90' lang='lat' dir='ltr'>indivisibilium</span> <span class='ocrx_word' id='word_1_143' title='bbox 552 1558 856 1610; x_wconf 90' lang='lat' dir='ltr'>secundum</span> <span class='ocrx_word' id='word_1_144' title='bbox 881 1565 1110 1621; x_wconf 90' lang='lat' dir='ltr'>partem,</span> <span class='ocrx_word' id='word_1_145' title='bbox 1135 1559 1232 1609; x_wconf 91' lang='lat' dir='ltr'>sed</span> <span class='ocrx_word' id='word_1_146' title='bbox 1257 1565 1311 1609; x_wconf 92' lang='lat' dir='ltr'>et</span> <span class='ocrx_word' id='word_1_147' title='bbox 1335 1558 1556 1622; x_wconf 86' lang='lat' dir='ltr'>singula</span> <span class='ocrx_word' id='word_1_148' title='bbox 1578 1559 1791 1609; x_wconf 90' lang='lat' dir='ltr'>adinvi-</span> 
     </span>
    </p>

    <p class='ocr_par' dir='ltr' id='par_1_6' title="bbox 24 1633 1891 1995">
     <span class='ocr_line' id='line_1_21' title="bbox 24 1633 1891 1696; baseline -0.003 -13"><span class='ocrx_word' id='word_1_149' title='bbox 24 1646 77 1682; x_wconf 74' lang='lat'>20</span> <span class='ocrx_word' id='word_1_150' title='bbox 107 1647 222 1684; x_wconf 89' lang='lat' dir='ltr'>cern</span> <span class='ocrx_word' id='word_1_151' title='bbox 271 1634 555 1684; x_wconf 87' lang='lat' dir='ltr'>coniunxit</span> <span class='ocrx_word' id='word_1_152' title='bbox 602 1634 840 1696; x_wconf 90' lang='lat' dir='ltr'>proprie.</span> <span class='ocrx_word' id='word_1_153' title='bbox 900 1633 1388 1689; x_wconf 89' lang='lat' dir='ltr'>Quemadmodum</span> <span class='ocrx_word' id='word_1_154' title='bbox 1451 1647 1690 1696; x_wconf 91' lang='lat' dir='ltr'>namque</span> <span class='ocrx_word' id='word_1_155' title='bbox 1737 1635 1791 1683; x_wconf 92' lang='lat' dir='ltr'>in</span> <span class='ocrx_word' id='word_1_156' title='bbox 1837 1639 1891 1679; x_wconf 83' lang='lat'>13</span> 
     </span>
     <span class='ocr_line' id='line_1_22' title="bbox 108 1708 1792 1770; baseline 0.001 -14"><span class='ocrx_word' id='word_1_157' title='bbox 108 1721 443 1770; x_wconf 90' lang='lat' dir='ltr'>unoquoque</span> <span class='ocrx_word' id='word_1_158' title='bbox 475 1708 798 1758; x_wconf 89' lang='lat' dir='ltr'>animalium</span> <span class='ocrx_word' id='word_1_159' title='bbox 833 1709 1011 1759; x_wconf 92' lang='lat' dir='ltr'>univit</span> <span class='ocrx_word' id='word_1_160' title='bbox 1044 1708 1387 1759; x_wconf 91' lang='lat' dir='ltr'>insensibilia</span> <span class='ocrx_word' id='word_1_161' title='bbox 1422 1708 1792 1764; x_wconf 88' lang='lat' dir='ltr'>sensibilibus,</span> 
     </span>
     <span class='ocr_line' id='line_1_23' title="bbox 107 1782 1791 1845; baseline 0 -13"><span class='ocrx_word' id='word_1_162' title='bbox 107 1795 236 1832; x_wconf 88' lang='lat' dir='ltr'>ossa</span> <span class='ocrx_word' id='word_1_163' title='bbox 295 1789 349 1833; x_wconf 88' lang='lat' dir='ltr'>et</span> <span class='ocrx_word' id='word_1_164' title='bbox 393 1783 693 1845; x_wconf 87' lang='lat' dir='ltr'>axungiam</span> <span class='ocrx_word' id='word_1_165' title='bbox 740 1789 906 1845; x_wconf 90' lang='lat' dir='ltr'>atque</span> <span class='ocrx_word' id='word_1_166' title='bbox 967 1782 1112 1845; x_wconf 91' lang='lat' dir='ltr'>pilos</span> <span class='ocrx_word' id='word_1_167' title='bbox 1171 1782 1392 1845; x_wconf 91' lang='lat' dir='ltr'>aliaque</span> <span class='ocrx_word' id='word_1_168' title='bbox 1448 1782 1791 1834; x_wconf 89' lang='lat' dir='ltr'>insensibilia</span> 
     </span>
     <span class='ocr_line' id='line_1_24' title="bbox 110 1856 1792 1915; baseline 0.001 -9"><span class='ocrx_word' id='word_1_169' title='bbox 110 1856 462 1907; x_wconf 91' lang='lat' dir='ltr'>sensibilibus</span> <span class='ocrx_word' id='word_1_170' title='bbox 496 1858 696 1915; x_wconf 91' lang='lat' dir='ltr'>nervis,</span> <span class='ocrx_word' id='word_1_171' title='bbox 731 1863 785 1908; x_wconf 93' lang='lat' dir='ltr'>et</span> <span class='ocrx_word' id='word_1_172' title='bbox 819 1857 950 1909; x_wconf 76' lang='lat' dir='ltr'>fecit</span> <span class='ocrx_word' id='word_1_173' title='bbox 982 1871 1051 1908; x_wconf 88' lang='lat' dir='ltr'>ex</span> <span class='ocrx_word' id='word_1_174' title='bbox 1086 1857 1503 1908; x_wconf 87' lang='lat' dir='ltr'>insensibilibus</span> <span class='ocrx_word' id='word_1_175' title='bbox 1537 1863 1591 1909; x_wconf 91' lang='lat' dir='ltr'>et</span> <span class='ocrx_word' id='word_1_176' title='bbox 1620 1859 1792 1908; x_wconf 89' lang='lat' dir='ltr'>sensi-</span> 
     </span>
     <span class='ocr_line' id='line_1_25' title="bbox 110 1929 1793 1995; baseline 0.002 -16"><span class='ocrx_word' id='word_1_177' title='bbox 110 1929 312 1980; x_wconf 88' lang='lat' dir='ltr'>bilibus</span> <span class='ocrx_word' id='word_1_178' title='bbox 340 1931 710 1993; x_wconf 88' lang='lat' dir='ltr'>compositum</span> <span class='ocrx_word' id='word_1_179' title='bbox 738 1931 944 1982; x_wconf 89' lang='lat' dir='ltr'>animal</span> <span class='ocrx_word' id='word_1_180' title='bbox 973 1938 1027 1983; x_wconf 94' lang='lat' dir='ltr'>et</span> <span class='ocrx_word' id='word_1_181' title='bbox 1054 1945 1165 1983; x_wconf 92' lang='lat' dir='ltr'>non</span> <span class='ocrx_word' id='word_1_182' title='bbox 1196 1932 1377 1983; x_wconf 91' lang='lat' dir='ltr'>solum</span> <span class='ocrx_word' id='word_1_183' title='bbox 1406 1933 1793 1995; x_wconf 89' lang='lat' dir='ltr'>compositum,</span> 
     </span>
    </p>

    <p class='ocr_par' dir='ltr' id='par_1_7' title="bbox 33 2003 1792 2085">
     <span class='ocr_line' id='line_1_26' title="bbox 33 2003 1792 2085; baseline 0.003 -32"><span class='ocrx_word' id='word_1_184' title='bbox 33 2016 79 2052; x_wconf 75' lang='lat'>25</span> <span class='ocrx_word' id='word_1_185' title='bbox 111 2003 207 2054; x_wconf 91' lang='lat' dir='ltr'>sed</span> <span class='ocrx_word' id='word_1_186' title='bbox 246 2011 301 2055; x_wconf 92' lang='lat' dir='ltr'>et</span> <span class='ocrx_word' id='word_1_187' title='bbox 338 2018 508 2054; x_wconf 89' lang='lat' dir='ltr'>unum</span> <span class='ocrx_word' id='word_1_188' title='bbox 546 2006 788 2057; x_wconf 89' lang='lat' dir='ltr'>existens</span> <span class='ocrx_word' id='word_1_189' title='bbox 827 2006 1094 2058; x_wconf 89' lang='lat' dir='ltr'>ostendit:</span> <span class='ocrx_word' id='word_1_190' title='bbox 1130 2007 1330 2058; x_wconf 89' lang='lat' dir='ltr'>eodem</span> <span class='ocrx_word' id='word_1_191' title='bbox 1370 2021 1591 2085; x_wconf 84' lang='lat' dir='ltr'>quoque</span> <span class='ocrx_word' id='word_1_192' title='bbox 1622 2007 1792 2058; x_wconf 92' lang='lat' dir='ltr'>modo</span> 
     </span>
    </p>
   </div>
   <div class='ocr_carea' id='block_1_3' title="bbox 99 2136 1805 2839">
    <p class='ocr_par' dir='ltr' id='par_1_8' title="bbox 99 2136 1805 2431">
     <span class='ocr_line' id='line_1_27' title="bbox 178 2136 1798 2194; baseline 0.001 -14"><span class='ocrx_word' id='word_1_193' title='bbox 178 2140 197 2180; x_wconf 90' lang='lat'>1</span> <span class='ocrx_word' id='word_1_194' title='bbox 233 2141 442 2180; x_wconf 82' lang='lat' dir='ltr'>virtutem</span> <span class='ocrx_word' id='word_1_195' title='bbox 467 2140 547 2181; x_wconf 85' lang='lat' dir='ltr'>PA</span> <span class='ocrx_word' id='word_1_196' title='bbox 582 2142 721 2182; x_wconf 81' lang='lat' dir='ltr'>vltam</span> <span class='ocrx_word' id='word_1_197' title='bbox 748 2136 813 2183; x_wconf 82' lang='lat' dir='ltr'>C¹</span> <span class='ocrx_word' id='word_1_198' title='bbox 844 2143 917 2184; x_wconf 91' lang='lat' dir='ltr'>vel</span> <span class='ocrx_word' id='word_1_199' title='bbox 948 2143 1158 2183; x_wconf 89' lang='lat' dir='ltr'>virtutem</span> <span class='ocrx_word' id='word_1_200' title='bbox 1183 2154 1417 2194; x_wconf 74' lang='lat' dir='ltr'>super-scr.</span> <span class='ocrx_word' id='word_1_201' title='bbox 1445 2143 1483 2184; x_wconf 90' lang='lat' dir='ltr'><strong><em>C</em></strong></span> <span class='ocrx_word' id='word_1_202' title='bbox 1494 2138 1510 2161; x_wconf 83' lang='lat'><em>¹</em></span> <span class='ocrx_word' id='word_1_203' title='bbox 1543 2144 1681 2182; x_wconf 88' lang='lat' dir='ltr'>vitam</span> <span class='ocrx_word' id='word_1_204' title='bbox 1716 2153 1798 2183; x_wconf 86' lang='lat' dir='ltr'>seu</span> 
     </span>
     <span class='ocr_line' id='line_1_28' title="bbox 99 2195 1799 2254; baseline 0.002 -15"><span class='ocrx_word' id='word_1_205' title='bbox 99 2200 307 2240; x_wconf 85' lang='lat' dir='ltr'>virtutem</span> <span class='ocrx_word' id='word_1_206' title='bbox 340 2199 379 2240; x_wconf 93' lang='grc' dir='ltr'><em>Β</em></span> <span class='ocrx_word' id='word_1_207' title='bbox 407 2200 498 2240; x_wconf 88' lang='lat' dir='ltr'>vim</span> <span class='ocrx_word' id='word_1_208' title='bbox 532 2211 615 2240; x_wconf 88' lang='lat' dir='ltr'>seu</span> <span class='ocrx_word' id='word_1_209' title='bbox 646 2196 858 2242; x_wconf 86' lang='lat' dir='ltr'>virtutem</span> <span class='ocrx_word' id='word_1_210' title='bbox 889 2201 985 2249; x_wconf 84' lang='lat' dir='ltr'>Ho,</span> <span class='ocrx_word' id='word_1_211' title='bbox 1019 2203 1096 2243; x_wconf 79' lang='lat' dir='ltr'>vix</span> <span class='ocrx_word' id='word_1_212' title='bbox 1125 2214 1402 2253; x_wconf 74' lang='lat' dir='ltr'>yermanum</span> <span class='ocrx_word' id='word_1_213' title='bbox 1558 2202 1582 2241; x_wconf 92' lang='lat'><strong>2</strong></span> <span class='ocrx_word' id='word_1_214' title='bbox 1618 2195 1799 2254; x_wconf 79' lang='lat' dir='ltr'>(vero)</span> 
     </span>
     <span class='ocr_line' id='line_1_29' title="bbox 100 2254 1737 2312; baseline 0.002 -14"><span class='ocrx_word' id='word_1_215' title='bbox 100 2269 187 2309; x_wconf 72' lang='lat' dir='ltr'>eqo</span> <span class='ocrx_word' id='word_1_216' title='bbox 220 2254 309 2309; x_wconf 80' lang='grc' dir='ltr'>(δὲ)</span> <span class='ocrx_word' id='word_1_217' title='bbox 342 2270 432 2300; x_wconf 91' lang='lat' dir='ltr'>om.</span> <span class='ocrx_word' id='word_1_218' title='bbox 467 2257 507 2300; x_wconf 94' lang='grc' dir='ltr'>Ο</span> <span class='ocrx_word' id='word_1_219' title='bbox 628 2259 744 2300; x_wconf 87' lang='grc'>5-6</span> <span class='ocrx_word' id='word_1_220' title='bbox 776 2261 1165 2312; x_wconf 64' lang='lat' dir='ltr'>irrationabilibus</span> <span class='ocrx_word' id='word_1_221' title='bbox 1199 2292 1209 2302; x_wconf 87' lang='lat'><strong>.</strong></span> <span class='ocrx_word' id='word_1_222' title='bbox 1236 2293 1246 2302; x_wconf 90' lang='lat'><strong><em>.</em></strong></span> <span class='ocrx_word' id='word_1_223' title='bbox 1274 2293 1284 2303; x_wconf 89' lang='lat'><strong>.</strong></span> <span class='ocrx_word' id='word_1_224' title='bbox 1318 2262 1670 2303; x_wconf 88' lang='lat' dir='ltr'>rationalitatem</span> <span class='ocrx_word' id='word_1_225' title='bbox 1703 2261 1737 2301; x_wconf 92' lang='lat' dir='ltr'><em>A</em></span> 
     </span>
     <span class='ocr_line' id='line_1_30' title="bbox 101 2318 1802 2372; baseline 0.002 -14"><span class='ocrx_word' id='word_1_226' title='bbox 101 2318 127 2358; x_wconf 92' lang='grc'>8</span> <span class='ocrx_word' id='word_1_227' title='bbox 164 2318 373 2359; x_wconf 86' lang='lat' dir='ltr'>virtutem</span> <span class='ocrx_word' id='word_1_228' title='bbox 405 2318 445 2359; x_wconf 93' lang='lat' dir='ltr'><strong>D</strong></span> <span class='ocrx_word' id='word_1_229' title='bbox 535 2318 583 2359; x_wconf 93' lang='lat'>11</span> <span class='ocrx_word' id='word_1_230' title='bbox 622 2320 881 2361; x_wconf 88' lang='lat' dir='ltr'>coniunctis</span> <span class='ocrx_word' id='word_1_231' title='bbox 914 2320 953 2363; x_wconf 88' lang='lat' dir='ltr'><em>C</em></span> <span class='ocrx_word' id='word_1_232' title='bbox 1012 2332 1094 2372; x_wconf 88' lang='lat' dir='ltr'>per</span> <span class='ocrx_word' id='word_1_233' title='bbox 1126 2322 1390 2371; x_wconf 87' lang='lat' dir='ltr'>corporales</span> <span class='ocrx_word' id='word_1_234' title='bbox 1422 2322 1610 2362; x_wconf 90' lang='lat' dir='ltr'>virtutes</span> <span class='ocrx_word' id='word_1_235' title='bbox 1642 2324 1688 2362; x_wconf 90' lang='lat' dir='ltr'>et</span> <span class='ocrx_word' id='word_1_236' title='bbox 1722 2330 1802 2370; x_wconf 86' lang='lat' dir='ltr'>per</span> 
     </span>
     <span class='ocr_line' id='line_1_31' title="bbox 101 2374 1805 2431; baseline 0.001 -13"><span class='ocrx_word' id='word_1_237' title='bbox 101 2388 268 2427; x_wconf 90' lang='lat' dir='ltr'>corpus</span> <span class='ocrx_word' id='word_1_238' title='bbox 297 2378 333 2418; x_wconf 92' lang='lat' dir='ltr'><em>A</em></span> <span class='ocrx_word' id='word_1_239' title='bbox 460 2377 514 2418; x_wconf 90' lang='grc'>12</span> <span class='ocrx_word' id='word_1_240' title='bbox 547 2379 823 2419; x_wconf 88' lang='lat' dir='ltr'>animalibus</span> <span class='ocrx_word' id='word_1_241' title='bbox 856 2381 1071 2431; x_wconf 75' lang='lat' dir='ltr'>duplicat</span> <span class='ocrx_word' id='word_1_242' title='bbox 1100 2375 1160 2422; x_wconf 84' lang='grc' dir='ltr'>Ρι</span> <span class='ocrx_word' id='word_1_243' title='bbox 1192 2392 1312 2422; x_wconf 84' lang='lat' dir='ltr'>corr.</span> <span class='ocrx_word' id='word_1_244' title='bbox 1345 2374 1457 2421; x_wconf 46' lang='lat'>12²⁴</span> <span class='ocrx_word' id='word_1_245' title='bbox 1489 2381 1732 2421; x_wconf 89' lang='lat' dir='ltr'>animabus</span> <span class='ocrx_word' id='word_1_246' title='bbox 1766 2379 1805 2421; x_wconf 89' lang='lat' dir='ltr'><strong><em>C</em></strong></span> 
     </span>
    </p>

    <p class='ocr_par' dir='ltr' id='par_1_9' title="bbox 164 2435 1805 2482">
     <span class='ocr_line' id='line_1_32' title="bbox 164 2435 1805 2482; baseline 0.003 -5"><span class='ocrx_word' id='word_1_247' title='bbox 164 2435 218 2478; x_wconf 85' lang='grc'>13</span> <span class='ocrx_word' id='word_1_248' title='bbox 250 2437 599 2478; x_wconf 81' lang='lat' dir='ltr'>rationalitatem</span> <span class='ocrx_word' id='word_1_249' title='bbox 634 2438 667 2479; x_wconf 98' lang='lat' dir='ltr'><em>A</em></span> <span class='ocrx_word' id='word_1_250' title='bbox 703 2439 971 2480; x_wconf 89' lang='lat' dir='ltr'>rationalem</span> <span class='ocrx_word' id='word_1_251' title='bbox 1004 2441 1042 2482; x_wconf 98' lang='grc' dir='ltr'><em>Β</em></span> <span class='ocrx_word' id='word_1_252' title='bbox 1073 2441 1295 2481; x_wconf 86' lang='lat' dir='ltr'>rationale</span> <span class='ocrx_word' id='word_1_253' title='bbox 1326 2440 1399 2481; x_wconf 92' lang='lat' dir='ltr'>Ho</span> <span class='ocrx_word' id='word_1_254' title='bbox 1500 2450 1609 2481; x_wconf 89' lang='lat' dir='ltr'>vero</span> <span class='ocrx_word' id='word_1_255' title='bbox 1642 2450 1732 2482; x_wconf 89' lang='lat' dir='ltr'>om.</span> <span class='ocrx_word' id='word_1_256' title='bbox 1766 2439 1805 2481; x_wconf 93' lang='lat' dir='ltr'><em>C</em></span> 
     </span>
    </p>

    <p class='ocr_par' dir='ltr' id='par_1_10' title="bbox 101 2497 1801 2839">
     <span class='ocr_line' id='line_1_33' title="bbox 162 2497 1799 2553; baseline 0.002 -17"><span class='ocrx_word' id='word_1_257' title='bbox 162 2497 443 2546; x_wconf 84' lang='lat' dir='ltr'>incorporeis</span> <span class='ocrx_word' id='word_1_258' title='bbox 475 2497 522 2537; x_wconf 87' lang='lat' dir='ltr'>M</span> <span class='ocrx_word' id='word_1_259' title='bbox 555 2498 601 2538; x_wconf 89' lang='lat' dir='ltr'>in</span> <span class='ocrx_word' id='word_1_260' title='bbox 635 2499 839 2547; x_wconf 88' lang='lat' dir='ltr'>corporis</span> <span class='ocrx_word' id='word_1_261' title='bbox 870 2499 909 2539; x_wconf 87' lang='grc' dir='ltr'><em>Β</em></span> <span class='ocrx_word' id='word_1_262' title='bbox 1007 2548 1010 2553; x_wconf 94' lang='lat'>.</span> <span class='ocrx_word' id='word_1_263' title='bbox 1055 2499 1109 2540; x_wconf 87' lang='lat'>14</span> <span class='ocrx_word' id='word_1_264' title='bbox 1141 2497 1331 2548; x_wconf 89' lang='lat' dir='ltr'>etenim]</span> <span class='ocrx_word' id='word_1_265' title='bbox 1366 2501 1489 2540; x_wconf 88' lang='lat' dir='ltr'>enim</span> <span class='ocrx_word' id='word_1_266' title='bbox 1521 2500 1556 2540; x_wconf 87' lang='lat' dir='ltr'><em>A</em></span> <span class='ocrx_word' id='word_1_267' title='bbox 1636 2499 1799 2549; x_wconf 85' lang='lat' dir='ltr'>grada-</span> 
     </span>
     <span class='ocr_line' id='line_1_34' title="bbox 103 2553 1799 2610; baseline 0.002 -16"><span class='ocrx_word' id='word_1_268' title='bbox 103 2555 181 2594; x_wconf 87' lang='lat' dir='ltr'>tim</span> <span class='ocrx_word' id='word_1_269' title='bbox 213 2554 260 2596; x_wconf 81' lang='lat' dir='ltr'>M</span> <span class='ocrx_word' id='word_1_270' title='bbox 289 2556 480 2606; x_wconf 80' lang='lat' dir='ltr'>gradum</span> <span class='ocrx_word' id='word_1_271' title='bbox 512 2556 551 2597; x_wconf 90' lang='lat' dir='ltr'><em>B</em></span> <span class='ocrx_word' id='word_1_272' title='bbox 582 2553 734 2610; x_wconf 78' lang='lat' dir='ltr'>(per)</span> <span class='ocrx_word' id='word_1_273' title='bbox 767 2558 958 2607; x_wconf 88' lang='lat' dir='ltr'>gradum</span> <span class='ocrx_word' id='word_1_274' title='bbox 990 2559 1063 2600; x_wconf 93' lang='lat' dir='ltr'>Ho</span> <span class='ocrx_word' id='word_1_275' title='bbox 1166 2562 1212 2599; x_wconf 91' lang='lat' dir='ltr'>et</span> <span class='ocrx_word' id='word_1_276' title='bbox 1244 2569 1325 2608; x_wconf 90' lang='lat' dir='ltr'>per</span> <span class='ocrx_word' id='word_1_277' title='bbox 1357 2560 1588 2600; x_wconf 88' lang='lat' dir='ltr'>modicum</span> <span class='ocrx_word' id='word_1_278' title='bbox 1623 2557 1664 2599; x_wconf 92' lang='lat' dir='ltr'>O</span> <span class='ocrx_word' id='word_1_279' title='bbox 1697 2562 1799 2599; x_wconf 89' lang='lat' dir='ltr'>cata</span> 
     </span>
     <span class='ocr_line' id='line_1_35' title="bbox 101 2612 1800 2669; baseline 0.005 -15"><span class='ocrx_word' id='word_1_280' title='bbox 101 2624 249 2664; x_wconf 79' lang='lat' dir='ltr'>supra</span> <span class='ocrx_word' id='word_1_281' title='bbox 282 2625 363 2664; x_wconf 86' lang='lat' dir='ltr'>per</span> <span class='ocrx_word' id='word_1_282' title='bbox 384 2626 473 2656; x_wconf 84' lang='lat' dir='ltr'>scr.</span> <span class='ocrx_word' id='word_1_283' title='bbox 498 2618 545 2656; x_wconf 86' lang='lat' dir='ltr'>et</span> <span class='ocrx_word' id='word_1_284' title='bbox 569 2618 616 2657; x_wconf 85' lang='lat' dir='ltr'>in</span> <span class='ocrx_word' id='word_1_285' title='bbox 641 2629 791 2668; x_wconf 76' lang='lat' dir='ltr'>mar-9.</span> <span class='ocrx_word' id='word_1_286' title='bbox 825 2619 1161 2659; x_wconf 86' lang='lat' dir='ltr'>catamodicum</span> <span class='ocrx_word' id='word_1_287' title='bbox 1186 2612 1246 2659; x_wconf 79' lang='lat'>12³</span> <span class='ocrx_word' id='word_1_288' title='bbox 1277 2614 1356 2669; x_wconf 79' lang='lat' dir='ltr'>(cf.</span> <span class='ocrx_word' id='word_1_289' title='bbox 1380 2622 1420 2667; x_wconf 85' lang='lat'>8,</span> <span class='ocrx_word' id='word_1_290' title='bbox 1440 2622 1489 2659; x_wconf 89' lang='lat'>18</span> <span class='ocrx_word' id='word_1_291' title='bbox 1514 2622 1559 2659; x_wconf 89' lang='lat' dir='ltr'>et</span> <span class='ocrx_word' id='word_1_292' title='bbox 1584 2616 1800 2668; x_wconf 89' lang='lat' dir='ltr'>modice).</span> 
     </span>
     <span class='ocr_line' id='line_1_36' title="bbox 103 2675 1799 2728; baseline 0.002 -15"><span class='ocrx_word' id='word_1_293' title='bbox 103 2684 197 2713; x_wconf 84' lang='lat' dir='ltr'>non</span> <span class='ocrx_word' id='word_1_294' title='bbox 231 2675 422 2715; x_wconf 77' lang='lat' dir='ltr'>exstant</span> <span class='ocrx_word' id='word_1_295' title='bbox 451 2677 500 2716; x_wconf 84' lang='grc' dir='ltr'>ἰη</span> <span class='ocrx_word' id='word_1_296' title='bbox 535 2675 714 2717; x_wconf 85' lang='lat' dir='ltr'>Graeco</span> <span class='ocrx_word' id='word_1_297' title='bbox 821 2677 874 2716; x_wconf 89' lang='lat'>15</span> <span class='ocrx_word' id='word_1_298' title='bbox 907 2681 956 2717; x_wconf 91' lang='lat' dir='ltr'>ut</span> <span class='ocrx_word' id='word_1_299' title='bbox 987 2689 1077 2718; x_wconf 84' lang='lat' dir='ltr'>om.</span> <span class='ocrx_word' id='word_1_300' title='bbox 1110 2678 1144 2718; x_wconf 92' lang='lat' dir='ltr'><em>A</em></span> <span class='ocrx_word' id='word_1_301' title='bbox 1242 2677 1296 2718; x_wconf 88' lang='grc'>16</span> <span class='ocrx_word' id='word_1_302' title='bbox 1329 2689 1421 2728; x_wconf 89' lang='lat' dir='ltr'>que</span> <span class='ocrx_word' id='word_1_303' title='bbox 1453 2689 1543 2718; x_wconf 91' lang='lat' dir='ltr'>om.</span> <span class='ocrx_word' id='word_1_304' title='bbox 1575 2678 1610 2718; x_wconf 91' lang='lat' dir='ltr'><em>A</em></span> <span class='ocrx_word' id='word_1_305' title='bbox 1675 2689 1799 2718; x_wconf 84' lang='lat' dir='ltr'>crea-</span> 
     </span>
     <span class='ocr_line' id='line_1_37' title="bbox 104 2732 1740 2786; baseline 0.004 -15"><span class='ocrx_word' id='word_1_306' title='bbox 104 2736 194 2772; x_wconf 84' lang='lat' dir='ltr'>tam</span> <span class='ocrx_word' id='word_1_307' title='bbox 226 2732 266 2773; x_wconf 87' lang='lat' dir='ltr'><em>B</em></span> <span class='ocrx_word' id='word_1_308' title='bbox 386 2733 439 2774; x_wconf 87' lang='grc'>17</span> <span class='ocrx_word' id='word_1_309' title='bbox 471 2736 764 2777; x_wconf 89' lang='lat' dir='ltr'>existentium</span> <span class='ocrx_word' id='word_1_310' title='bbox 795 2747 887 2777; x_wconf 91' lang='lat' dir='ltr'>om.</span> <span class='ocrx_word' id='word_1_311' title='bbox 918 2737 952 2776; x_wconf 92' lang='lat' dir='ltr'><em>A</em></span> <span class='ocrx_word' id='word_1_312' title='bbox 1061 2736 1115 2777; x_wconf 92' lang='grc'>18</span> <span class='ocrx_word' id='word_1_313' title='bbox 1147 2733 1335 2786; x_wconf 66' lang='lat' dir='ltr'>essent]</span> <span class='ocrx_word' id='word_1_314' title='bbox 1369 2738 1672 2778; x_wconf 83' lang='lat' dir='ltr'>substantiam</span> <span class='ocrx_word' id='word_1_315' title='bbox 1704 2737 1740 2777; x_wconf 89' lang='lat' dir='ltr'><em>A</em></span> 
     </span>
     <span class='ocr_line' id='line_1_38' title="bbox 107 2788 1801 2839; baseline 0.004 -9"><span class='ocrx_word' id='word_1_316' title='bbox 107 2791 160 2831; x_wconf 86' lang='lat'>19</span> <span class='ocrx_word' id='word_1_317' title='bbox 191 2791 487 2833; x_wconf 87' lang='lat' dir='ltr'>invisibilium</span> <span class='ocrx_word' id='word_1_318' title='bbox 521 2788 586 2836; x_wconf 83' lang='lat' dir='ltr'>C¹</span> <span class='ocrx_word' id='word_1_319' title='bbox 617 2806 736 2836; x_wconf 81' lang='lat' dir='ltr'>corr.</span> <span class='ocrx_word' id='word_1_320' title='bbox 763 2789 828 2838; x_wconf 85' lang='lat' dir='ltr'>C&#39;</span> <span class='ocrx_word' id='word_1_321' title='bbox 898 2795 948 2836; x_wconf 87' lang='lat'>21</span> <span class='ocrx_word' id='word_1_322' title='bbox 987 2797 1101 2836; x_wconf 90' lang='lat' dir='ltr'>uiuit</span> <span class='ocrx_word' id='word_1_323' title='bbox 1135 2789 1200 2838; x_wconf 88' lang='lat' dir='ltr'>C¹</span> <span class='ocrx_word' id='word_1_324' title='bbox 1231 2807 1350 2838; x_wconf 82' lang='lat' dir='ltr'>corr.</span> <span class='ocrx_word' id='word_1_325' title='bbox 1385 2790 1452 2838; x_wconf 78' lang='lat'>0²</span> <span class='ocrx_word' id='word_1_326' title='bbox 1527 2796 1583 2837; x_wconf 88' lang='lat'>22</span> <span class='ocrx_word' id='word_1_327' title='bbox 1616 2808 1725 2839; x_wconf 89' lang='lat' dir='ltr'>ossa</span> <span class='ocrx_word' id='word_1_328' title='bbox 1756 2801 1801 2838; x_wconf 84' lang='lat' dir='ltr'>et</span> 
     </span>
    </p>
   </div>
   <div class='ocr_carea' id='block_1_4' title="bbox 103 2844 1802 2965">
    <p class='ocr_par' dir='ltr' id='par_1_11' title="bbox 103 2844 1802 2965">
     <span class='ocr_line' id='line_1_39' title="bbox 103 2844 1802 2906; baseline 0.003 -15"><span class='ocrx_word' id='word_1_329' title='bbox 103 2851 142 2890; x_wconf 89' lang='grc' dir='ltr'><em>Ρ</em></span> <span class='ocrx_word' id='word_1_330' title='bbox 171 2844 338 2903; x_wconf 75' lang='lat' dir='ltr'>ossalll</span> <span class='ocrx_word' id='word_1_331' title='bbox 367 2847 499 2903; x_wconf 77' lang='lat' dir='ltr'>(fort.</span> <span class='ocrx_word' id='word_1_332' title='bbox 523 2864 644 2895; x_wconf 83' lang='lat' dir='ltr'>eras.</span> <span class='ocrx_word' id='word_1_333' title='bbox 670 2853 792 2906; x_wconf 76' lang='lat' dir='ltr'>atq3)</span> <span class='ocrx_word' id='word_1_334' title='bbox 823 2854 911 2897; x_wconf 89' lang='lat' dir='ltr'>AC</span> <span class='ocrx_word' id='word_1_335' title='bbox 940 2866 1049 2896; x_wconf 90' lang='lat' dir='ltr'>ossa</span> <span class='ocrx_word' id='word_1_336' title='bbox 1071 2855 1110 2896; x_wconf 89' lang='grc' dir='ltr'><em>Β</em></span> <span class='ocrx_word' id='word_1_337' title='bbox 1170 2857 1418 2906; x_wconf 80' lang='lat' dir='ltr'>axungiam</span> <span class='ocrx_word' id='word_1_338' title='bbox 1444 2856 1491 2896; x_wconf 84' lang='lat' dir='ltr'>M</span> <span class='ocrx_word' id='word_1_339' title='bbox 1523 2857 1739 2896; x_wconf 87' lang='lat' dir='ltr'>anxulam</span> <span class='ocrx_word' id='word_1_340' title='bbox 1765 2857 1802 2896; x_wconf 90' lang='grc' dir='ltr'><em>Β</em></span> 
     </span>
     <span class='ocr_line' id='line_1_40' title="bbox 164 2908 1778 2965; baseline 0.004 -15"><span class='ocrx_word' id='word_1_341' title='bbox 164 2908 220 2951; x_wconf 83' lang='grc'>23</span> <span class='ocrx_word' id='word_1_342' title='bbox 251 2911 424 2952; x_wconf 88' lang='lat' dir='ltr'>sensib.</span> <span class='ocrx_word' id='word_1_343' title='bbox 457 2915 502 2952; x_wconf 85' lang='lat' dir='ltr'>et</span> <span class='ocrx_word' id='word_1_344' title='bbox 533 2913 883 2955; x_wconf 82' lang='lat' dir='ltr'>insensibilibus</span> <span class='ocrx_word' id='word_1_345' title='bbox 915 2912 1025 2964; x_wconf 76' lang='lat' dir='ltr'>(hoc</span> <span class='ocrx_word' id='word_1_346' title='bbox 1056 2912 1180 2965; x_wconf 80' lang='lat' dir='ltr'>ord.)</span> <span class='ocrx_word' id='word_1_347' title='bbox 1210 2915 1245 2955; x_wconf 89' lang='lat' dir='ltr'><em>A</em></span> <span class='ocrx_word' id='word_1_348' title='bbox 1370 2915 1428 2956; x_wconf 83' lang='lat'>24</span> <span class='ocrx_word' id='word_1_349' title='bbox 1461 2919 1506 2957; x_wconf 88' lang='lat' dir='ltr'>et</span> <span class='ocrx_word' id='word_1_350' title='bbox 1536 2927 1627 2957; x_wconf 88' lang='lat' dir='ltr'>om.</span> <span class='ocrx_word' id='word_1_351' title='bbox 1660 2916 1694 2956; x_wconf 86' lang='lat' dir='ltr'><em>A</em></span> <span class='ocrx_word' id='word_1_352' title='bbox 1775 2953 1778 2957; x_wconf 89' lang='lat'>.</span> 
     </span>
    </p>
   </div>
  </div>
 </body>
</html>
