1982 3172
741 98 1106 159 PRAEFATm
1686 98 1774 144 vn

79 238 175 285 tior
198 238 292 308 (Cf)
317 237 524 284 saeculo
549 237 653 282 fere
677 235 799 281 XIll.
824 235 907 281 vel
933 233 1075 279 XIIII.
1102 234 1289 279 menda
1320 233 1506 280 librarii
1537 232 1776 279 videntur

81 309 372 346 correxrsse.

154 364 398 417 Quartum
440 364 621 410 librum
667 376 819 408 manu
860 362 1100 420 scriptum
1140 362 1206 406 ad
1247 359 1525 406 editionem
1569 371 1774 417 compa-

79 426 288 472 randam
321 424 530 470 adhibui
564 423 1078 480 Bambergensem
1112 421 1212 466 iam
1238 421 1301 466 ab
1327 420 1439 465 aliis
1465 419 1774 478 descriptum
1799 423 1843 467 Β

79 484 157 543 (ci.
191 485 257 531 de
289 483 583 542 Holzingeri
617 483 769 540 praei.
801 495 848 540 p.
867 481 926 527 111
946 480 1053 539 sq.).
1099 481 1182 526 Est
1216 481 1381 526 codex
1414 479 1774 526 miscellaneus

77 544 420 592 bibliothecae
445 543 618 601 regiae
643 541 1038 599 Bambergensis
1062 541 1211 598 signo
1238 541 1302 585 M.
1320 539 1385 586 lV
1404 540 1461 585 16
1488 539 1773 592 instructuS‚

113 605 163 650 ui
198 616 261 650 ex
297 604 358 649 69
391 603 697 649 membranis
730 601 853 659 (29,5
871 601 1002 647 >120
1026 601 1124 657 cm)
1159 603 1369 646 constat.
1425 599 1773 657 Interpretatio

77 618 245 710 Kliani
274 663 386 710 sine
410 662 737 720 inscriptione
763 661 1070 708 membranis
1094 659 1315 706 45v—692·
1340 659 1637 706 continetur.
1679 659 1774 704 Ex1

77 727 215 770 arata
241 726 317 769 est
341 735 474 769 saec.
491 722 613 768 XIII.
639 723 704 767 ab
727 734 829 767 uno
854 721 1056 766 librario
1081 720 1255 765 litteris
1281 719 1578 765 minusculis
1597 718 1774 766 Gothi⁶

78 783 150 830 cis
182 783 349 841 nigro,
382 783 681 840 plerumque
714 781 1007 827 decolorato
1041 782 1322 825 atramento
1357 782 1666 825 correcturas
1698 790 1774 824 re-

78 843 314 889 centioris
346 855 528 888 manus
559 853 663 887 non
697 843 918 898 experta.
967 840 1112 886 Hanc
1145 839 1336 885 codicis
1367 842 1585 896 partem,
1620 851 1773 896 quam

78 915 236 961 eques
269 902 334 948 de
367 901 642 959 Holzinger
673 900 863 958 primus
899 912 1035 946 anno
1070 899 1185 945 1887
1218 899 1414 956 Pragae
1448 899 1773 944 emendatam

78 962 236 1008 edidit
271 965 321 1008 et
351 961 395 1006 Β
433 962 595 1007 littera
635 960 822 1018 insigni
863 959 1079 1012 notavit,
1120 959 1231 1016 ipse
1266 959 1605 1004 Vindobonae
1645 959 1774 1003 intra

75 1021 266 1068 Maium
307 1026 355 1067 et
394 1019 669 1072 Quintilem
710 1020 829 1065 anni
865 1020 975 1065 1911
1020 1019 1299 1076 recognovi
1341 1024 1411 1071 et,
1452 1019 1495 1063 si
1536 1017 1658 1076 quid
1699 1018 1775 1063 vir

77 1081 256 1127 doctus
281 1084 546 1133 erraverat,
579 1092 745 1138 aeque
768 1079 951 1126 tacitus
977 1079 1318 1125 emendabam
1343 1082 1497 1136 atque
1530 1090 1606 1131 ea,
1641 1090 1774 1135 quae

76 1140 447 1186 Baeumkerum
474 1140 525 1186 in
550 1139 761 1186 Parisini
787 1139 1060 1185 collatione
1084 1139 1330 1196 fugerant.
1394 1138 1663 1196 Reliquum
1683 1140 1773 1191 est,

76 1203 130 1246 ut
154 1201 298 1258 quasi
323 1201 632 1258 praeteriens
658 1200 970 1245 mentionem
996 1199 1176 1244 faciam
1204 1198 1395 1244 codicis
1421 1197 1772 1256 PragensiS,
1804 1206 1832 1253 p

76 1259 127 1305 in
151 1260 461 1306 bibliotheca
483 1259 872 1317 Metropolitana
898 1260 1046 1317 signo
1073 1258 1110 1303 L
1126 1259 1186 1303 94
1211 1258 1274 1303 ab
1301 1257 1613 1316 Holzingero
1634 1257 1671 1302 P
1697 1257 1773 1303 lit-

75 1322 202 1372 tera,
238 1332 268 1365 a
300 1331 384 1365 me
414 1329 441 1374 p
475 1319 637 1365 littera
669 1319 842 1365 notati.
901 1318 1065 1370 Quem
1099 1330 1409 1375 quamquam
1442 1318 1577 1375 prior
1610 1317 1774 1363 editor

78 1378 161 1424 ‘ex
201 1379 313 1437 ipso
352 1379 480 1425 libro
513 1379 879 1436 Bambergensi
918 1378 1135 1424 fideliter
1177 1378 1484 1435 descriptum
1519 1376 1652 1423 esse’
1688 1389 1773 1423 co-

75 1438 220 1496 piose
249 1440 697 1492 demonstraverat,
729 1446 902 1484 tamen
939 1438 1007 1483 ‘in
1041 1440 1284 1495 apparatu
1319 1437 1490 1483 critico
1523 1437 1772 1483 lectiones

76 1497 185 1543 eius
218 1498 487 1556 diligenter
520 1498 759 1550 enotavit,
793 1510 895 1556 quo
928 1498 1093 1555 magis
1126 1497 1430 1543 sententiam
1465 1497 1530 1542 de
1563 1509 1626 1542 eo
1659 1508 1772 1554 pro-

74 1557 227 1603 latam
267 1557 526 1616 probaret'
562 1557 640 1614 (ct.
675 1558 784 1603 eius
820 1558 973 1615 praef.
1007 1571 1053 1615 p.
1071 1556 1158 1602 VII
1192 1559 1241 1602 et
1272 1556 1392 1613 XII).
1448 1556 1610 1602 Nobis
1650 1558 1772 1601 satis

73 1617 240 1662 visum
266 1620 342 1663 est
366 1618 636 1676 Pragensis
668 1618 939 1675 scripturas
966 1617 1287 1675 paucissimis
1319 1616 1459 1669 locis,
1494 1615 1678 1674 quibus
1703 1617 1769 1661 ad

75 1677 450 1723 emendandam
482 1678 764 1723 orationem
797 1677 1056 1723 adhibitae
1089 1679 1218 1729 sunt,
1252 1677 1536 1722 secundum
1566 1675 1771 1722 Holzin-

74 1737 182 1794 geri
206 1737 563 1783 adnotationes
589 1749 1034 1783 commemorasse.
1079 1736 1348 1782 Lectiones
1375 1736 1510 1782 enim
1535 1735 1672 1793 ipsas
1697 1735 1772 1780 in-

75 1796 270 1900 spicere
309 1809 412 1843 non
453 1797 616 1855 potui,
658 1798 796 1854 quod
838 1798 1081 1855 detegere
1121 1808 1224 1842 non
1269 1796 1432 1853 potui,
1478 1795 1563 1841 ubi
1605 1796 1770 1841 codex

75 1867 210 1901 nunc
260 1859 409 1902 ateat.

151 1921 346 1973 Quibus
375 1924 637 1970 codicibus
662 1924 927 1982 descriptis
952 1924 1197 1981 deinceps
1223 1923 1498 1969 dicendum
1526 1926 1614 1976 est,
1648 1935 1771 1980 quaa

75 1982 175 2027 lem
201 1982 447 2029 rationem
473 1987 522 2029 et
550 1985 678 2030 inter
701 1997 758 2030 se
783 1988 832 2030 et
865 1996 980 2030 cum
1013 1984 1290 2041 archetypo
1316 1984 1539 2029 habeant
1564 1995 1771 2040 quoque

76 2042 230 2087 modo
256 2042 352 2087 illis
386 2043 436 2088 in
468 2043 564 2089 hac
597 2043 822 2090 editione
855 2056 976 2090 usus
1009 2044 1118 2089 sim.
1163 2042 1356 2090 Omnes
1389 2043 1543 2088 libros
1576 2043 1641 2088 ab
1667 2055 1770 2088 uno

75 2113 178 2147 non
223 2102 322 2146 iam
367 2103 564 2160 integro
609 2104 886 2161 archetypo
927 2102 1008 2160 (Ο)
1048 2104 1356 2160 repetendos
1400 2114 1515 2148 esse
1557 2102 1771 2160 liquebit
1803 2105 1844 2148 Ο

75 2161 414 2207 consideranti
447 2174 549 2208 non
583 2175 747 2219 pauca
779 2164 966 2209 menda
990 2163 1073 2208 vel
1106 2162 1439 2220 proprietates
1471 2162 1533 2208 iis
1561 2163 1689 2208 inter
1714 2174 1770 2208 se

76 2232 189 2266 esse
222 2223 526 2267 communia.
576 2222 647 2267 Ex
679 2234 782 2279 quo
815 2222 1092 2280 archetypo
1132 2224 1266 2268 duae
1305 2222 1528 2268 familiae
1559 2222 1770 2267 fluxisse

75 2281 332 2338 putandae
368 2285 505 2334 sunt,
546 2282 702 2327 altera
734 2282 1000 2328 meliorum
1033 2282 1268 2328 codicum
1302 2280 1408 2338 (M),
1450 2293 1584 2339 quae
1615 2282 1769 2327 libros
1798 2285 1844 2325 Μ

74 2338 209 2385 ΡΑΒ
237 2341 567 2398 amplectitur,
602 2342 759 2387 altera
783 2341 1088 2387 deteriorum
1114 2340 1208 2398 (D),
1240 2354 1303 2387 ex
1328 2342 1513 2399 quibus
1538 2344 1614 2387 est
1638 2353 1770 2386 unus
1799 2345 1840 2384 D

73 2399 130 2445 B.
174 2399 303 2445 Nam
336 2413 504 2458 neque
537 2401 742 2447 codices
766 2400 900 2445 PAC
929 2413 993 2446 ex
1021 2406 1062 2446 D
1095 2402 1285 2447 nedum
1319 2413 1382 2446 ex
1414 2401 1458 2446 Β
1490 2400 1770 2457 descriptos

77 2469 190 2504 esse
221 2471 390 2517 neque
423 2460 654 2507 codicem
678 2461 723 2506 Β
755 2472 818 2506 ex
842 2465 890 2506 M
920 2460 1004 2506 vel
1038 2472 1101 2506 ex
1134 2461 1362 2518 quolibet
1394 2460 1594 2506 illorum
1619 2459 1770 2518 origi-

75 2529 193 2564 nem
220 2520 431 2565 traxisse
453 2520 560 2566 veri
586 2521 751 2566 simile
777 2523 865 2565 est.
913 2518 1128 2566 Obstant
1154 2520 1290 2565 enim
1323 2520 1502 2565 multa:
1535 2519 1623 2573 Illi,
1653 2532 1769 2565 cum

76 2578 203 2623 inter
233 2590 311 2631 se,
352 2581 490 2637 quod
522 2580 823 2637 saepissime
853 2579 929 2632 fit,
971 2580 1316 2631 consentiunt,
1357 2579 1612 2636 plerisque
1643 2579 1769 2629 locis

75 2637 354 2694 pleniorem
380 2639 661 2685 orationem
687 2643 737 2685 et
767 2651 1038 2697 germanas
1066 2639 1335 2697 scripturas
1362 2643 1411 2684 et
1441 2642 1634 2684 rectum
1658 2651 1769 2684 ver-

75 2696 254 2742 borum
279 2698 523 2752 ordinem,
555 2699 732 2756 paucis
761 2700 1010 2744 mendosa
1035 2698 1291 2744 exhibent.
1340 2698 1434 2744 Hic
1466 2711 1570 2745 non
1602 2699 1769 2745 solum

75 2756 316 2814 plurimiS‚
349 2769 451 2803 non
484 2770 595 2804 raro
628 2759 903 2804 maioribus
933 2771 1059 2816 quas
1092 2758 1161 2802 illi
1196 2758 1402 2815 explent
1434 2758 1643 2812 lacunis,
1675 2759 1768 2804 sed

77 2815 227 2861 etiam
260 2817 428 2872 pravis
466 2817 770 2863 lectionibus
802 2818 1177 2875 verborumque
1210 2817 1632 2864 collocationibus
1662 2818 1767 2863 foe-

76 2875 241 2928 datur:
287 2888 499 2933 quorum
545 2878 844 2924 mendorum
886 2878 1087 2935 culpam
1129 2889 1243 2922 cum
1288 2877 1533 2924 nonnulla
1571 2880 1767 2923 tantum

76 2936 216 2992 parte
247 2935 297 2980 in
331 2935 585 2982 librarium
619 2937 810 2983 codicis
830 2937 874 2982 Β
905 2937 1027 2982 satis
1059 2936 1357 2994 diligentem
1391 2937 1655 2983 transferre
1680 2937 1767 2982 de-
