1982 3172
243 128 312 177 84
607 121 865 169 NEMESII
897 121 1214 169 PREMNON
1245 122 1571 171 PHYSICON

244 263 295 308 et
332 258 562 308 humida
601 259 778 317 sentit,
820 259 917 309 sed
961 260 1340 310 ratiocinando
1378 266 1432 310 et
1469 274 1590 310 cum
1627 260 1922 312 intellectu.-

157 341 210 381 15
243 331 711 383 perfectissimum
740 347 980 396 namque
1014 334 1181 385 habet
1211 334 1358 384 hunc
1391 348 1613 385 sensum
1645 335 1830 394 hom0,
1862 342 1924 387 ut

242 406 348 456 hoc
381 408 546 458 etiam
587 412 640 457 et
677 414 844 470 gustu
886 414 1066 459 cetera
1102 408 1336 459 excellat
1373 409 1648 468 animalia,
1684 409 1808 460 aliis
1842 415 1922 461 ta-

242 495 365 531 men
388 481 564 531 tribus
594 482 931 533 imminutus
968 482 1137 532 Aliud
1166 484 1368 534 etenim
1398 483 1601 534 animal
1630 497 1727 546 per
1751 497 1921 534 unum

242 555 310 604 de
340 555 517 606 tribus
554 555 772 607 excellit
805 556 1101 615 hominem,
1139 558 1289 607 canis
1326 563 1510 608 autem
1547 558 1710 608 simul
1742 558 1797 608 in
1829 559 1920 610 tri·
1967 576 1982 610 ε

242 630 367 686 bus;
409 631 625 680 acutius
670 631 815 680 enim
857 636 913 682 et
955 630 1112 682 audit
1155 637 1210 683 et
1249 631 1403 682 videt
1440 637 1497 682 et
1535 631 1815 691 odoratur,
1858 638 1920 684 ut

100 731 104 733 -
153 698 206 737 16
239 710 390 766 patet
421 717 490 754 ex
529 705 756 754 canibus
792 706 1212 768 vestigantibus.
1337 705 1514 756 Omne
1548 719 1682 757 vero
1718 719 1919 769 corpus

238 784 415 828 tactus
459 784 542 829 est
588 780 1029 838 instrumentum,
1074 780 1174 831 sed
1218 781 1457 831 maxime
1501 781 1762 832 interiora
1803 794 1918 831 ma-

235 866 407 902 nuum
440 859 494 903 et
529 853 726 904 horum
762 855 959 905 iterum
995 855 1174 917 magis
1212 856 1557 906 summitates
1593 855 1951 918 digitorum;‘

234 927 335 976 has
374 941 613 991 namque
653 928 807 979 velut
849 929 1175 991 cognitrices
1217 929 1491 992 perfectas
1533 935 1712 980 tactus
1750 929 1982 980 habe-10

149 1010 201 1051 17
234 1015 372 1051 mus.
414 1001 539 1052 Non
574 1003 719 1052 enim
754 1002 935 1053 solum
971 1004 1278 1066 captorium
1311 1004 1735 1054 instrumentum
1769 1017 1917 1055 crea-

233 1081 319 1126 tor
349 1089 546 1126 manus
581 1075 726 1135 fecit,
761 1077 860 1127 sed
894 1077 1061 1128 etiam
1096 1077 1390 1140 palpabile,
1422 1083 1478 1129 et
1507 1078 1634 1128 ideo
1665 1077 1916 1128 subtilio-

233 1163 346 1199 rem
383 1156 561 1200 cutem
600 1150 806 1202 habent
840 1157 896 1203 et
932 1151 1218 1202 musculus
1254 1153 1336 1202 eis
1374 1165 1471 1214 per
1505 1157 1623 1203 tota
1654 1152 1915 1202 interiora

234 1224 545 1275 substratus
581 1231 664 1275 est
703 1225 940 1288 pilisque
979 1231 1179 1284 carent,
1218 1232 1278 1276 ut
1315 1227 1494 1288 magis
1531 1226 1759 1288 palpata
1794 1239 1914 1288 per-

233 1300 451 1361 cipiant.
488 1299 560 1350 Ut
591 1300 726 1361 ipsis
758 1299 855 1362 pili
885 1314 995 1350 non
1026 1306 1396 1358 nascerentur,
1428 1301 1739 1352 substratus
1765 1314 1913 1350 mus·
1942 1315 1982 1349 15

147 1382 199 1422 18
231 1373 388 1423 culus
429 1374 610 1424 factus
653 1380 737 1425 est
778 1388 959 1424 causa.
1014 1374 1279 1424 Manuum
1322 1380 1506 1425 autem
1550 1374 1801 1424 duriores
1838 1374 1911 1424 ad

231 1447 560 1510 capiendum
599 1454 727 1498 sunt
767 1448 1041 1507 fortiores
1079 1449 1363 1499 molliores
1400 1462 1534 1499 vero
1574 1448 1645 1499 ad
1684 1454 1912 1512 tangen-
1979 1454 1981 1456 ’

231 1522 362 1572 dum
382 1521 656 1580 melioreS,
683 1529 743 1573 ut
767 1536 1064 1573 nervorum
1093 1523 1215 1572 duri
1242 1523 1313 1572 ad
1340 1522 1692 1581 movendum,
1714 1522 1911 1575 molles

118 1599 196 1645 '19
228 1609 359 1646 vero
394 1595 465 1646 ad
505 1597 853 1647 sentiendum
891 1603 1018 1648 sunt
1054 1597 1366 1647 habiliores,
1416 1597 1566 1647 Haec
1599 1597 1766 1659 igitur
1800 1602 1910 1647 tac-

227 1676 316 1721 tus
362 1676 490 1721 sunt
535 1672 921 1729 instrumenta;
968 1685 1064 1734 per
1109 1671 1246 1721 haec
1290 1685 1526 1733 namque
1573 1669 1907 1721 sensibilitas
1933 1684 1979 1719 20

228 1750 406 1795 tactus
449 1744 707 1796 efficitur.

159 1982 192 2029 9
848 1906 963 1972 DE
1010 1905 1290 1974 GUSTU

170 2053 186 2092 1
312 2043 369 2092 In
398 2043 775 2106 superioribus
804 2056 938 2093 vero
970 2043 1210 2093 diximus
1239 2044 1422 2093 visum
1452 2043 1641 2093 videre
1671 2055 1768 2104 per
1792 2055 1903 2092 rec-

224 2124 308 2167 tas
339 2117 528 2167 lineas,
575 2116 855 2167 Odoratus
888 2123 1073 2167 autem
1109 2123 1164 2167 et
1196 2117 1420 2167 auditus
1452 2130 1564 2166 non
1595 2116 1775 2166 solum
1806 2129 1903 2178 per

224 2197 398 2242 rectas
431 2191 687 2249 sentiunt,
725 2191 823 2241 sed
858 2191 1117 2253 undique.
1165 2191 1365 2241 Tactus
1401 2196 1585 2241 autem
1618 2195 1673 2241 et
1702 2195 1900 2252 gustus
1931 2204 1975 2238 z

221 2279 321 2315 nec
347 2279 444 2328 per
475 2271 652 2316 rectas
683 2265 872 2324 lineaS,
904 2280 1005 2315 nec
1035 2265 1279 2327 undique
1311 2265 1617 2322 dinoscunt,
1646 2263 1743 2314 sed
1771 2269 1901 2314 tunc

295 2417 410 2457 2—3
444 2418 584 2457 homo
611 2417 732 2456 hunc
756 2427 957 2463 sensum,
990 2420 1038 2456 ut
1071 2418 1159 2456 hoc
1184 2417 1320 2456 etiam
1349 2419 1531 2464 gustum
1555 2415 1594 2454 Β
1713 2414 1739 2453 5
1771 2414 1905 2454 simil'

195 2476 257 2519 ,Β
362 2476 389 2515 6
420 2479 469 2516 ut
492 2476 527 2516 A
561 2472 665 2526 (ὡς)
698 2476 824 2525 quod
853 2475 892 2516 P
921 2479 965 2515 et
988 2475 1025 2515 Β
1133 2476 1157 2515 7
1191 2475 1571 2524 investigantibus
1595 2474 1632 2514 Β
1738 2473 1765 2513 8
1793 2475 1908 2524 post

221 2536 566 2576 instrumentum
599 2537 644 2576 d.
677 2536 707 2575 i.
739 2547 780 2575 υ.
814 2530 877 2573 ὡς
909 2531 982 2573 καὶ
1015 2531 1268 2584 ἔμπροεθεν
1301 2528 1475 2582 εἴρηται
1686 2532 1712 2572 9
1744 2532 1903 2572 horum

219 2593 348 2634 ΡΑΒ
378 2594 536 2650 etBy,
570 2596 767 2645 exspect.
800 2605 901 2634 cum
934 2601 962 2645 p
997 2590 1245 2643 (correcto)
1277 2594 1324 2633 et
1353 2592 1407 2632 El
1439 2592 1597 2632 harum
1757 2591 1903 2640 magis

220 2655 455 2693 summitas
504 2655 747 2703 digitorum
801 2653 836 2694 A
884 2655 1190 2693 summitatem
1235 2652 1476 2701 digitorum
1526 2651 1672 2700 magis
1717 2650 1757 2690 Β

223 2711 276 2750 10
309 2714 599 2762 cognitiones
631 2712 714 2753 AB
774 2715 917 2753 tactas
949 2712 983 2753 A
1124 2712 1173 2752 11
1210 2713 1445 2760 captorum
1476 2709 1511 2750 A
1651 2709 1705 2749 13
1737 2709 1836 2750 eius
1866 2708 1905 2748 B

296 2771 468 2811 13—14
501 2771 714 2812 inferiora
745 2774 816 2812 est
846 2772 1098 2812 substratus
1129 2771 1163 2812 A
1308 2769 1361 2809 15
1394 2770 1482 2818 ipsi
1514 2769 1597 2809 AB
1734 2767 1789 2808 16
1820 2767 1902 2808 du-

217 2830 378 2870 riorem
403 2825 462 2871 Ρ1
495 2842 614 2871 corr.
637 2824 701 2871 Ρ2
851 2830 1024 2870 17-18
1057 2830 1287 2880 agendum
1319 2828 1354 2868 A
1506 2827 1562 2867 22
1594 2827 1665 2868 De
1697 2830 1834 2877 gustu
1865 2826 1905 2866 Ρ

217 2888 298 2928 **5
321 2890 417 2939 fere
441 2890 531 2930 litt.
552 2890 589 2929 B
613 2901 701 2930 om.
728 2892 774 2930 et
797 2891 918 2930 orat.
944 2891 1192 2930 continuat
1213 2889 1247 2929 A
1349 2886 1404 2926 23
1428 2898 1536 2927 vero
1562 2886 1641 2927 PA
1676 2889 1827 2926 autem
1850 2885 1900 2931 B,

216 2950 413 2998 exspect.
448 2949 633 2997 quidem
668 2945 789 2998 (μὲν)
877 2958 887 2966 ·
913 2948 969 2987 24
1002 2946 1170 2996 autem]
1204 2958 1312 2988 vero
1344 2946 1379 2986 A
