1982 3172
193 106 291 154 108
552 98 808 144 NEMESII
843 99 1158 145 PREMNON
1191 99 1514 147 PHYSICON

185 234 294 284 rior
329 240 412 285 est
449 240 502 284 et
540 234 609 284 ab
649 248 775 285 osse
811 240 866 286 et
901 234 1236 285 insensibilis
1271 249 1366 298 per
1406 250 1464 287 se
1497 242 1550 288 et
1587 237 1732 288 latus
1765 238 1862 288 ali-

126 317 151 357 4
186 309 424 371 quando.
476 307 678 359 Manus
721 315 904 360 autem
949 315 1076 360 sunt
1117 311 1539 362 instrumentum
1584 315 1862 376 captivum

185 387 238 432 et
281 383 353 434 ad
398 389 543 433 arte-s
591 396 911 446 congruum.
970 383 1111 433 Nam
1159 384 1204 434 si
1249 385 1369 446 quis
1411 385 1705 437 absciderit
1750 401 1863 436 ma-

187 471 289 507 nus
327 457 416 507 vel
456 471 720 506 manuum
763 457 915 508 solos
958 458 1178 520 digitos,
1220 458 1290 507 ad
1330 472 1521 509 omnes
1557 465 1703 510 artes
1745 461 1865 511 red-

188 531 279 582 det
331 531 610 582 hominem
667 531 930 582 inutilem.
998 531 1063 582 Et
1117 532 1243 583 ideo
1300 533 1453 583 solus
1504 533 1687 591 homo,
1738 535 1866 597 quia
1915 551 1938 585 5

129 615 154 654 5
189 604 474 655 rationalis
521 611 618 663 est,
668 619 865 656 manus
915 605 1106 656 habuit
1156 620 1188 656 a
1237 612 1496 657 creatore.
1554 607 1729 658 Pedes
1773 622 1868 659 au-

187 686 298 730 tem
349 684 476 730 sunt
527 680 795 730 motivum
848 680 1297 738 instrumentum;
1349 696 1476 731 nam
1527 687 1737 732 motum
1787 696 1869 733 se-

132 763 158 801 6
191 753 431 804 cundum
470 753 651 804 locum
695 768 794 816 per
833 753 936 804 hos
978 754 1228 805 facimus.
1280 755 1444 806 Solus
1482 761 1666 806 aute-m
1703 756 1869 807 homo

189 832 345 883 sedet
388 832 539 883 nullo
589 828 925 879 adminiculo
972 829 1243 892 indigens.
1301 829 1464 880 Solus
1509 844 1746 893 namque
1799 830 1868 881 ad

190 903 331 954 duos
367 910 545 956 rectos
585 904 823 967 angulos
863 904 1037 955 flectit
1077 899 1233 955 crura
1272 906 1424 956 iuxta
1462 907 1774 957 vertebrum
1823 914 1877 960 et
1902 920 1944 955 ιο

193 977 575 1040 suffraginem,
610 992 778 1028 unam
822 979 1043 1041 quidem
1085 979 1383 1030 flexionem
1426 980 1634 1032 faciens
1676 981 1871 1031 intror-

136 1061 158 1100 7
194 1066 287 1102 sus
311 1057 364 1102 et
392 1051 557 1101 aliam
586 1058 884 1102 extrorsus.
926 1051 1080 1107 Quae
1109 1052 1274 1115 igitur
1302 1067 1398 1115 per
1420 1067 1622 1104 nervos
1646 1059 1699 1104 et
1726 1068 1873 1103 mus-

194 1125 347 1176 culos
373 1131 613 1183 movent,
645 1127 831 1176 omnia
861 1127 1075 1176 animae
1109 1132 1235 1176 sunt
1266 1133 1318 1177 et
1349 1127 1651 1177 secundum
1677 1127 1874 1178 volun-

193 1205 361 1250 tatem
381 1199 758 1263 perficiuntur.
794 1200 1005 1250 Horum
1029 1206 1213 1251 aute-m
1239 1201 1584 1252 ostendimus
1609 1215 1730 1252 esse
1755 1215 1875 1252 sen-

194 1289 287 1325 sus
322 1279 375 1325 et
410 1288 619 1324 vocem.
668 1274 819 1325 Haec
855 1275 1021 1338 igitur
1058 1280 1141 1325 est
1178 1276 1418 1338 cognitio
1455 1275 1757 1326 secundum
1790 1289 1874 1326 ra·
1902 1290 1944 1326 15

136 1358 162 1398 8
195 1349 399 1399 tionem
426 1348 747 1398 animalium
776 1355 832 1400 et
860 1349 1194 1399 naturalium
1226 1363 1472 1412 operum.
1590 1349 1699 1400 Sed
1730 1363 1875 1400 crea-

195 1429 279 1473 tor
314 1422 617 1473 secundum
656 1423 774 1474 eius
810 1424 1204 1486 benignitatem
1244 1438 1515 1474 summam
1554 1423 1876 1487 complexus

195 1502 278 1547 est
296 1497 558 1547 animalia
580 1497 924 1548 naturalibus
946 1503 999 1548 et
1021 1511 1052 1547 e
1073 1511 1357 1548 converso.
1391 1497 1501 1548 Sed
1521 1498 1650 1560 quia
1663 1499 1875 1561 egestio

196 1571 646 1635 superfluitatum
689 1571 1014 1634 expulsivae
1056 1577 1139 1622 est
1180 1572 1414 1630 virtutiS,
1459 1586 1599 1634 quae
1640 1577 1724 1623 est
1765 1586 1876 1622 una

194 1645 529 1696 naturalium
548 1646 838 1704 virtutum,¹
857 1660 924 1696 ne
949 1646 1105 1696 inviti
1131 1645 1436 1703 foedemur‚
1463 1646 1556 1696 ubi
1580 1659 1692 1696 non
1713 1659 1875 1709 opor·
1901 1661 1947 1696 20
1975 1644 1978 1647 ’

194 1726 271 1770 tet
304 1725 360 1771 et
399 1719 621 1782 quando
660 1734 770 1770 non
810 1724 1031 1782 oportet
1066 1724 1121 1770 et
1154 1733 1223 1770 ex
1258 1719 1457 1782 quibus
1495 1733 1606 1770 non
1640 1724 1873 1782 oportet,

196 1795 459 1845 ianitores
483 1794 755 1856 quosdam
785 1794 975 1845 statuit
1001 1793 1283 1844 musculos
1309 1798 1365 1844 et
1393 1794 1471 1844 sic
1497 1793 1627 1844 fecit
1647 1799 1877 1845 naturae

199 1883 368 1931 opera
394 1868 669 1918 animalia.
712 1868 942 1931 Propter
971 1868 1078 1918 hoc
1106 1868 1274 1931 igitur
1304 1869 1617 1931 egestiones
1648 1868 1878 1919 retinere

141 1951 167 1991 9
199 1958 498 2006 possumus
520 1949 572 1994 et
597 1943 912 2006 frequenter
935 1949 987 1993 et
1011 1944 1066 1992 in
1091 1943 1334 2005 longum.
1359 1943 1526 1994 Nervi
1549 1957 1680 1994 vero
1707 1944 1877 1994 sensi-

198 2017 336 2068 biles
377 2022 433 2068 et
477 2017 673 2068 molles
719 2016 1067 2067 dimittuntur
1111 2031 1144 2066 a
1188 2016 1371 2067 medio
1414 2021 1470 2067 et
1510 2016 1877 2068 anterioribus
1904 2030 1949 2065 25

199 2091 483 2142 ventribus
525 2091 744 2149 cerebri,
788 2090 1037 2141 duriores
1077 2105 1209 2141 vero
1250 2096 1305 2141 et
1345 2090 1578 2141 mobiles
1619 2104 1652 2140 a
1689 2095 1878 2141 ventre.

202 2165 493 2228 posteriori
521 2171 574 2216 et
604 2164 849 2215 medulla
880 2165 1095 2226 spinali,
1129 2165 1226 2215 sed
1258 2166 1436 2227 magis
1468 2164 1590 2214 duri
1619 2169 1759 2222 sunt,
1787 2165 1879 2227 qui

201 2245 327 2291 sunt
352 2254 384 2290 a
412 2239 670 2295 medulla,
701 2245 753 2290 et
782 2240 977 2289 horum
1010 2240 1203 2289 iterum
1232 2241 1426 2302 magis,
1458 2240 1547 2302 qui
1577 2244 1879 2290 nascuntur

271 2390 296 2430 2
329 2387 498 2439 autem]
531 2401 640 2431 vero
673 2390 706 2430 A
913 2390 939 2430 3
973 2392 1123 2439 partes
1158 2388 1194 2431 C
1313 2389 1351 2429 si
1386 2388 1496 2438 quid
1527 2387 1754 2429 accideret
1786 2387 1820 2428 A

196 2449 222 2489 4
254 2450 430 2501 solidos
463 2446 530 2499 (id
561 2451 650 2491 del.
685 2462 741 2490 m.
777 2451 830 2490 at
861 2450 953 2490 vid.
986 2446 1028 2499 1)
1063 2448 1100 2490 C
1293 2448 1320 2488 6
1349 2449 1463 2498 post
1493 2450 1562 2488 est
1593 2448 1637 2487 d.
1672 2448 1700 2487 i.
1734 2459 1775 2487 υ.
1808 2444 1884 2485 καὶ

194 2508 373 2557 τεχνῶν
405 2505 611 2547 δεκτικό(
797 2509 821 2548 7
856 2509 1075 2549 motivum
1107 2508 1148 2548 P
1177 2510 1381 2548 motuum
1412 2507 1452 2547 D
1576 2509 1725 2546 motus
1757 2506 1792 2547 A

199 2568 252 2607 10
285 2569 536 2609 vertebram
568 2568 641 2609 Ηο
673 2569 774 2608 sine
806 2579 952 2609 causa
1188 2566 1242 2606 12
1275 2568 1385 2607 ante
1417 2575 1558 2606 musc.
1591 2566 1702 2606 add.
1735 2575 1816 2615 per
1848 2564 1886 2606 C

259 2626 311 2666 14
344 2630 429 2668 ost.
462 2638 566 2668 esse
599 2630 780 2678 transp.
813 2627 853 2668 Ρ
955 2637 1142 2668 sensum
1174 2626 1209 2667 A
1401 2623 1453 2664 15
1484 2635 1625 2666 voces
1656 2625 1694 2664 B
1814 2627 1884 2665 est

197 2697 285 2726 om.
318 2685 404 2727 AC
607 2686 661 2726 16
693 2686 916 2727 animales
946 2687 984 2727 B
1186 2684 1242 2724 20
1270 2686 1384 2736 post
1412 2682 1535 2724 foed.
1568 2685 1679 2724 add.
1712 2685 1757 2724 et
1787 2683 1826 2724 B

199 2744 249 2784 21
286 2747 332 2785 et
363 2746 550 2794 quando
584 2757 678 2787 non
711 2748 892 2795 oportet
923 2747 1076 2797 suppl.
1102 2738 1163 2785 Α2
1333 2741 1507 2783 22-23
1539 2743 1605 2783 sic
1637 2742 1745 2783 fecit
1772 2744 1890 2793 post,

198 2804 336 2844 anim.
358 2816 469 2855 pon.
495 2804 530 2845 A
651 2804 706 2844 24
739 2808 784 2846 et
815 2816 904 2855 qm.
929 2805 967 2845 Β
1087 2804 1142 2844 25
1176 2803 1468 2844 demittuntur
1490 2801 1563 2842 Ho
1686 2801 1741 2841 26
1772 2811 1882 2842 ven-

197 2860 356 2911 tribus]
388 2864 558 2905 ventris
584 2862 622 2905 C
726 2863 781 2904 27
814 2861 978 2914 magis]
1013 2863 1116 2913 plus
1139 2863 1174 2905 A
1283 2861 1338 2901 28
1370 2861 1530 2902 horum
1563 2861 1610 2901 it.
1636 2862 1816 2912 transp.
1840 2860 1882 2902 D

258 2921 405 2972 magis
438 2922 485 2962 ἰη
519 2934 667 2973 mar-9,
691 2923 845 2973 suppl.
865 2916 933 2964 -C'
963 2924 1017 2963 at
1046 2922 1138 2964 vid.
1230 2917 1492 2969 nascuntur]
1526 2921 1631 2960 sunt
1661 2919 1756 2960 nati
1786 2918 1823 2960 A
