1982 3172
324 100 408 146 DE
442 96 678 151 QUIBUS
714 94 1126 143 CONSULIMUS
1161 93 1299 141 CAP.
1325 92 1542 139 XXXIIII
1683 97 1772 147 121

93 239 275 291 silium
311 236 594 301 inquisitio
634 240 732 294 est,
772 232 870 285 sed
910 246 1019 284 non
1059 231 1239 282 omnis
1276 229 1561 294 inquisitio
1600 228 1776 279 consi-

92 313 241 364 lium.
305 310 630 363 Ostenditur
684 314 868 361 autem
924 307 1030 359 hoc
1085 307 1176 357 sic,
1243 303 1580 356 Perscrutari
1629 303 1773 354 enim
1814 311 1839 352 3

93 386 426 451 quandoque
455 399 556 449 pro
591 383 867 437 consiliari
901 382 1151 440 dicimuS,
1185 386 1245 432 ut
1278 384 1698 444 perscrutemur,
1733 378 1775 428 si

91 466 311 525 oportet
332 461 613 523 navigare,
643 458 944 522 aliquando
974 462 1159 508 autem
1191 469 1291 518 pro
1322 453 1781 515 animadvertere,

47 553 70 587 5
92 542 152 588 ut
185 541 591 600 perscrutemur
628 532 965 596 disciplinas
1012 530 1321 582 Turbamur
1357 534 1542 580 autem
1578 527 1778 579 multo-

20 628 23 638 *
93 612 234 663 tiens
277 609 570 661 indiscrete
611 608 902 660 audientes
945 606 1171 657 nomina
1230 611 1602 668 putamusque
1657 616 1778 653 esse

93 685 239 736 idem
276 699 389 736 non
432 684 594 735 idern.
645 682 977 733 Differentia
1019 682 1203 744 itaque
1243 680 1442 730 horum
1482 677 1780 729 manifesta
1816 686 1840 726 4

94 760 242 811 facta
272 758 566 810 dicendum
602 763 787 815 restat,
822 756 892 807 de
926 756 1125 819 quibus
1161 754 1517 806 consulimus.
1587 774 1589 776 ·
1639 751 1780 803 Con·
1816 762 1841 801 5

95 834 327 886 sulimus
352 833 519 897 igitur
550 833 618 884 de
647 832 748 891 his,
781 844 924 894 quae
951 831 1006 880 in
1036 830 1212 887 nobis,
1238 835 1292 880 et
1318 828 1387 879 de
1419 827 1780 892 possibilibus

30 925 71 959 10
96 923 191 973 per
232 922 336 960 nos
382 907 504 959 fieri
545 913 713 970 atque
758 906 929 957 finem
974 906 1240 955 incertum
1284 902 1633 961 habentibuS,
1674 902 1782 954 hoc

93 989 177 1035 est
214 982 283 1034 de
324 981 684 1047 possibilibus
723 986 776 1032 et
817 981 896 1031 sic
931 985 986 1030 et
1023 979 1184 1030 aliter
1221 978 1359 1029 fieri.
1407 977 1572 1033 Quod
1611 977 1780 1040 igitur
1817 986 1843 1026 6

96 1059 148 1108 in
177 1058 338 1109 nobis
373 1062 471 1115 est,
506 1056 711 1108 dictum
744 1060 846 1113 est,
881 1054 1011 1118 quia
1045 1053 1113 1104 de
1144 1052 1378 1117 agendis
1410 1051 1780 1103 consiliamur.

96 1133 244 1183 Haec
262 1132 407 1183 enim
435 1137 562 1182 sunt
587 1131 640 1181 in
666 1130 843 1181 nobiS.
882 1129 1006 1180 Non
1032 1128 1234 1180 etenim
1258 1127 1326 1178 de
1350 1126 1782 1190 contemplativa
1819 1135 1842 1175 7

97 1212 293 1258 vocata
326 1205 681 1271 philosophia
720 1203 1099 1261 consiliamur;
1135 1217 1263 1253 nam
1301 1216 1402 1253 nec
1438 1201 1509 1252 de
1544 1201 1650 1252 deo
1684 1215 1785 1251 nec

31 1297 73 1332 15
98 1281 166 1332 de
188 1281 289 1339 his,
318 1294 462 1344 quae
485 1279 629 1331 fiunt
657 1294 724 1331 ex
751 1279 1103 1335 necessitate;
1134 1275 1223 1342 (ex
1246 1277 1574 1328 necessitate
1597 1281 1782 1327 autem

99 1356 238 1415 dic0‚
262 1369 401 1420 quae
431 1369 648 1419 semper
672 1354 871 1405 eodem
900 1352 1070 1404 modo
1100 1352 1258 1410 fiunt,
1285 1357 1347 1403 ut
1370 1350 1606 1402 circulus
1630 1348 1782 1413 anni)

97 1444 275 1494 neque
310 1430 378 1481 de
416 1444 527 1481 non
566 1443 782 1493 semper
818 1428 1199 1486 existentibus
1239 1441 1455 1490 semper
1492 1431 1677 1477 autern
1715 1425 1784 1476 si-

99 1505 300 1557 militer
325 1505 483 1563 fiunt,
513 1510 574 1556 ut
607 1504 674 1556 de
708 1518 907 1556 occasu
938 1509 993 1555 et
1020 1508 1145 1555 ortu
1174 1502 1334 1560 solis;
1366 1516 1544 1566 neque
1571 1502 1638 1552 de
1671 1502 1783 1553 exi-

99 1579 369 1632 stentibus
410 1585 622 1636 natura,
668 1578 992 1642 plerumque
1036 1583 1234 1635 tamen,
1279 1581 1339 1627 ut
1383 1575 1451 1626 de
1497 1589 1784 1627 canescere

31 1670 75 1706 20
99 1654 520 1718 sexagenarium
558 1653 646 1705 vel
688 1653 1010 1704 barbescere
1049 1651 1403 1703 vicenarium.
1456 1650 1565 1702 Sed
1606 1664 1783 1714 neque

98 1729 166 1780 de
201 1729 302 1786 his,
343 1742 486 1792 quae
519 1734 718 1780 natura
756 1727 1057 1791 aliquando
1097 1726 1255 1778 aliter
1293 1725 1586 1776 indiscrete
1623 1724 1781 1782 fiunt,

99 1809 159 1855 ut
193 1803 261 1854 de
299 1803 503 1867 pluviis
541 1810 596 1855 et
633 1803 1021 1854 serenitatibus
1058 1802 1146 1853 vel
1184 1802 1252 1853 de
1285 1801 1434 1858 labe;
1474 1801 1571 1852 sed
1604 1814 1783 1864 neque

101 1877 168 1926 de
206 1877 306 1933 his,
350 1890 493 1939 quae
531 1877 675 1927 dicta
718 1882 844 1927 sunt
885 1876 954 1926 ab
995 1881 1194 1927 eventu
1234 1875 1374 1932 fieri,
1412 1874 1598 1937 qualia
1640 1880 1782 1930 sunt,

179 2043 197 2084 1
246 2044 412 2093 inquis.
445 2046 515 2084 est
548 2045 729 2094 transp.
763 2043 795 2084 A
842 2043 1142 2093 inquisitione
1174 2043 1213 2084 Ρ
1363 2043 1513 2083 omnis
1554 2042 1790 2092 inquisitio

101 2100 360 2152 consilium]
395 2103 669 2144 convertitur
698 2102 733 2144 A
836 2102 861 2143 2
894 2103 984 2144 hoc
1016 2115 1105 2145 om.
1131 2097 1190 2144 A¹
1221 2115 1258 2143 s.
1285 2115 1325 2143 υ.
1351 2103 1506 2153 suppl.
1531 2094 1592 2143 Α*
1667 2102 1788 2142 enim

101 2175 189 2203 om.
215 2162 271 2209 D,
304 2164 502 2213 exspect.
535 2173 642 2203 vero
676 2163 747 2203 vel
778 2165 930 2203 autem
963 2158 1054 2213 (δὲ)
1155 2162 1181 2203 4
1213 2158 1452 2212 naviga(re
1483 2162 1638 2212 suppl.
1664 2173 1721 2201 m.
1745 2158 1790 2210 3)

103 2222 139 2263 C
221 2221 336 2262 4-5
370 2222 680 2262 animadverte
705 2225 755 2262 ut
778 2218 856 2271 (m.
880 2227 907 2262 2
938 2224 992 2263 ut
1021 2223 1113 2264 vid.
1138 2223 1293 2273 suppl.
1320 2218 1672 2272 per)scrutemur
1697 2219 1734 2262 C

102 2283 126 2321 5
157 2284 270 2332 post
302 2282 413 2322 disc.
438 2282 483 2322 d.
510 2282 538 2321 ι’.
564 2293 604 2322 υ.
637 2277 694 2319 οὐ
728 2277 1003 2330 βουλεύομαι
1033 2277 1092 2321 τὰ
1125 2277 1374 2331 μαθήματα
1496 2280 1523 2321 6
1557 2282 1790 2330 putamus-

102 2353 191 2391 que
224 2341 260 2382 Β
292 2343 504 2391 putamus
536 2339 596 2387 Μ,
629 2352 755 2391 exsp.
789 2344 1002 2390 putantes
1034 2336 1339 2391 (νομίζοντες)
1462 2340 1487 2380 7
1520 2341 1676 2390 itaque
1709 2340 1790 2380 ho-

102 2412 194 2441 rum
229 2401 268 2441 Ρ
308 2402 463 2450 itaque
496 2399 582 2442 AC
622 2411 822 2450 namque
853 2401 890 2441 Β
1086 2401 1113 2442 8
1157 2401 1244 2442 dic.
1279 2402 1416 2442 restat
1449 2402 1631 2450 transp.
1665 2399 1703 2439 Β

105 2459 157 2499 12
190 2463 260 2501 est
288 2462 402 2511 post
433 2461 492 2510 ig.
523 2472 634 2510 pon.
668 2459 702 2500 A
845 2459 897 2500 13
930 2457 1118 2509 etenim]
1152 2461 1274 2502 enlm
1309 2459 1342 2500 A
1471 2458 1523 2499 14
1556 2470 1710 2509 neque
1745 2489 1754 2499 .
1782 2489 1791 2499 .

103 2531 254 2569 neque
286 2520 319 2561 A
447 2519 500 2559 16
533 2520 725 2560 circulus
758 2519 867 2559 anni
899 2520 939 2560 Ρ
969 2522 1150 2570 transp.
1184 2520 1217 2560 A
1260 2519 1475 2560 circulum
1509 2519 1617 2558 anni
1653 2518 1734 2561 CB

106 2578 157 2618 17
192 2579 249 2620 de
281 2576 392 2628 non]
427 2579 597 2620 deinde
631 2578 668 2620 C
699 2579 756 2619 de
789 2578 897 2620 inde
931 2572 990 2621 C⁸
1129 2581 1243 2629 post
1273 2579 1404 2620 exist.
1437 2590 1563 2629 exsp.
1599 2571 1788 2631 (quae)

107 2637 278 2678 17—18
310 2638 443 2679 simii.
476 2642 628 2679 autem
661 2648 844 2687 semper
873 2638 989 2678 fiunt
1020 2635 1086 2687 (h.
1119 2635 1184 2688 ο.)
1216 2638 1250 2679 Α
1466 2637 1520 2678 19
1556 2640 1670 2688 post
1701 2642 1792 2678 nat.

104 2699 148 2738 d.
182 2699 211 2738 ι’.
244 2709 284 2739 υ.
318 2693 405 2736 οὐκ
435 2693 587 2745 ἀεὶδὲ
620 2691 792 2746 ὁμοίω(
822 2693 1083 2746 γινομένων
1161 2697 1438 2748 ριωιιιηειιιεεἱ
1460 2694 1632 2746 tamen]
1667 2697 1791 2747 pl'n'fi

105 2754 179 2805 (-=
199 2754 458 2808 plurimum)
490 2769 691 2808 namque
723 2756 756 2798 A
889 2757 947 2798 de
980 2767 1226 2799 canescere
1257 2751 1364 2800 AC⁸
1395 2753 1519 2807 (περὶ
1549 2755 1635 2796 τοῦ
1666 2754 1792 2796 πολι-

104 2813 283 2866 οῠεθαι)
316 2816 622 2858 decanescere
647 2810 797 2858 PC¹B
919 2815 974 2856 20
1007 2817 1277 2858 barbascere
1302 2817 1342 2858 Ρ
1454 2816 1503 2856 21
1542 2816 1791 2866 aliquando

106 2877 150 2927 in
184 2876 313 2918 aliter
345 2875 382 2918 C
455 2874 717 2925 indiscrete]
753 2877 798 2915 in
832 2875 958 2917 disce
992 2876 1025 2917 A
1150 2875 1206 2916 22
1238 2876 1342 2918 labe
1376 2870 1686 2929 (grandinis)
1720 2875 1792 2917 Ho

165 2934 220 2975 23
249 2937 362 2986 post
394 2934 463 2975 his
496 2937 607 2977 add.
641 2947 731 2986 que
765 2935 835 2976 dis
860 2935 896 2976 Β
