1982 3172
559 114 643 162 DE
676 112 1034 162 ELEMENTIS
1068 111 1206 161 CAP.
1232 113 1276 160 V
1696 118 1765 170 63

73 254 358 312 elementa,
414 253 671 304 omnibus
728 252 1091 303 existentibus
1135 251 1437 302 secundum
1483 252 1660 312 magis
1703 259 1755 302 et

73 330 253 379 minus
290 328 612 392 qualitatem
653 327 1085 391 possidentibus
1123 340 1234 377 non
1275 332 1466 389 posset
1505 325 1756 383 discerni,

75 416 214 467 quae
242 415 476 466 quorum
507 408 695 454 essent
723 401 1011 453 elementa.
1056 400 1295 452 Necesse
1326 406 1410 451 est
1440 401 1607 463 igitur
1635 413 1758 450 esse
1796 413 1822 451 6

73 477 405 528 elementum
434 491 635 540 corpus
665 483 721 529 et
752 476 987 539 simplex
1020 489 1222 538 corpus
1251 481 1307 526 et
1339 474 1641 526 secundum
1672 488 1757 524 ac-

28 567 51 603 5
74 558 188 604 tum
221 552 432 602 habens
469 558 744 603 extremas
781 551 1090 614 qualitateS,
1129 550 1252 601 dico
1289 556 1473 601 autem
1512 549 1758 600 calidita-

72 632 197 685 tem,
218 626 595 689 frigiditatem,
619 625 1006 677 humiditatem
1030 631 1084 676 et
1111 626 1427 676 siccitatem.
1464 624 1581 674 Hae
1605 638 1757 674 narn-

74 715 179 764 que
206 700 357 751 solae
390 701 717 764 qualitatum
747 707 919 752 totam
953 714 1050 763 per
1082 706 1257 751 totum
1289 705 1603 762 permutant
1631 699 1757 749 sub-

74 777 348 827 stantiam.
378 775 628 825 Aliarum
654 788 788 826 vero
816 774 1143 838 qualitatum
1172 774 1325 824 nulla
1350 774 1456 824 hoc
1482 779 1756 836 operatur.

74 849 264 913 Neque
289 850 435 900 enim
467 849 668 900 albedo
698 849 959 900 adiuncta
992 850 1210 911 corpori
1242 848 1466 900 dealbat
1495 848 1633 898 illud
1662 861 1758 910 per

11 940 52 976 ιο
76 930 266 982 totum,
287 930 347 975 ut
373 923 522 974 calor
547 923 800 975 calefacit
825 930 879 974 et
905 923 1085 986 frigus
1111 923 1379 986 infrigdat
1399 937 1501 974 nec
1526 922 1757 973 aliarum

72 997 273 1062 aliqua.
313 997 589 1061 Opposita
620 1011 754 1049 vero
789 1004 917 1049 sunt
949 998 1224 1049 elementa
1257 997 1584 1056 adinvicem,
1619 1011 1759 1060 quae
1799 1011 1821 1050 7

73 1078 200 1123 sunt
225 1073 529 1123 secundum
562 1073 703 1124 duas
734 1072 1029 1136 qualitates
1062 1073 1350 1130 contraria,
1383 1078 1442 1123 ut
1472 1086 1618 1135 aqua
1645 1073 1757 1135 igni

73 1146 279 1210 frigida
321 1148 565 1198 existens
611 1155 666 1199 et
707 1147 939 1198 humida
985 1147 1166 1198 calido
1212 1148 1468 1198 existenti
1514 1154 1568 1198 et
1612 1148 1756 1198 sicco

24 1242 49 1269 ο
72 1227 126 1272 et
158 1226 303 1272 terra
339 1222 453 1272 aeri
490 1221 695 1285 frigida
730 1223 974 1273 existens
1011 1228 1066 1273 et
1103 1223 1246 1272 sicca
1281 1221 1463 1273 calido
1500 1223 1756 1273 existenti

14 1312 52 1346 15
75 1302 127 1346 et
179 1295 425 1346 humid0.
538 1295 647 1347 Sed
706 1298 835 1359 quia
874 1298 1148 1347 contraria
1189 1298 1424 1347 invicem
1467 1298 1760 1347 convenire
1798 1296 1830 1335 8

76 1383 186 1421 non
207 1376 441 1432 possunt
469 1371 586 1421 sine
611 1370 798 1434 aliquo
826 1370 1048 1421 vinculo
1076 1371 1262 1422 medio
1290 1371 1546 1422 ordinato
1570 1385 1761 1422 conec1

78 1450 222 1496 tente
250 1458 330 1502 ea,
365 1444 644 1496 ordinavit
676 1451 888 1496 creator
921 1445 1065 1495 infra
1099 1452 1299 1497 terram
1331 1452 1385 1497 et
1415 1460 1598 1496 aerem
1633 1460 1760 1497 con-

77 1519 242 1570 traria
277 1519 569 1570 existentia
609 1534 826 1583 aquam,
867 1520 1006 1570 dans
1047 1522 1095 1571 ei
1138 1521 1278 1571 duas
1319 1520 1629 1584 qualitateS,
1668 1521 1761 1571 fri-

74 1592 361 1655 giditatem
402 1600 457 1645 et
498 1593 900 1654 humiditatem,
945 1608 1042 1658 per
1086 1609 1224 1658 quas
1268 1602 1459 1658 posset
1499 1598 1761 1647 extremis

0 1681 52 1717 ‚2³0
75 1667 365 1719 coniuncta
391 1682 457 1719 ea
491 1675 789 1720 conectere.
832 1669 934 1720 Per
968 1669 1329 1733 frigiditatem
1363 1685 1602 1733 namque
1636 1685 1762 1721 con-

75 1741 266 1792 cordat
296 1749 486 1801 terrae,
520 1743 848 1795 humiditate
882 1750 1066 1795 autem
1103 1745 1455 1808 coniungitur
1488 1746 1617 1796 aeri.
1662 1745 1762 1797 Ite·
1800 1758 1826 1797 9

77 1829 195 1865 rum
223 1815 466 1867 medium
500 1818 644 1880 ignis
675 1825 730 1869 et
763 1832 940 1882 aquae
975 1820 1373 1870 contrariorum
1407 1821 1759 1872 existentium

76 1889 354 1941 ordinavit
396 1904 594 1950 aerem,
638 1893 967 1944 humiditate
1014 1894 1236 1956 quidem
1276 1896 1461 1961 [aquae
1507 1896 1763 1946 consimi-

78 1965 199 2022 lem,
230 1963 507 2016 caliditate
542 1981 675 2018 vero
709 1967 823 2030 igni
856 1974 911 2018 et
947 1969 1024 2018 sic
1058 1970 1332 2020 contraria
1364 1970 1647 2020 coniunxit
1682 1971 1761 2019 in-

10 2054 53 2088 25
77 2038 250 2088 vicem
297 2052 393 2101 per
438 2040 622 2090 media
665 2042 937 2104 quaedam
985 2042 1306 2106 colligantia
1349 2051 1403 2095 et
1448 2058 1506 2095 se
1549 2045 1670 2107 ipsa
1711 2052 1762 2095 et

79 2111 353 2175 colligata.
385 2112 535 2164 Talis
561 2120 743 2166 autem
770 2118 1001 2166 conexio
1029 2119 1240 2180 optima
1266 2126 1364 2170 est.
1402 2119 1765 2182 Unumquod-
1792 2131 1843 2170 u)

81 2200 184 2249 que
243 2187 409 2250 igitur
468 2201 660 2239 eorum
719 2204 816 2253 per
862 2205 1026 2242 unam
1074 2192 1395 2256 qualitatem
1442 2194 1764 2256 adiungitur

151 2354 177 2394 3
211 2365 310 2396 nec.
337 2359 406 2396 est
439 2357 498 2406 ig.
531 2356 664 2397 elem.
691 2368 796 2398 esse
829 2354 894 2406 (Ιι.
921 2356 984 2407 0.)
1009 2360 1043 2400 A
1079 2371 1180 2401 nec.
1207 2361 1267 2410 ig.
1293 2364 1417 2401 esset
1443 2361 1575 2401 elem.
1601 2361 1638 2401 B
1670 2372 1770 2401 nec.

77 2413 136 2462 ig.
168 2413 300 2455 elem.
334 2426 438 2456 esse
472 2410 586 2468 <et>
622 2416 694 2456 Ηο
728 2418 804 2457 vix
833 2429 1124 2468 yermanum,
1155 2422 1318 2470 potius
1352 2431 1452 2460 nec.
1479 2423 1548 2460 est
1581 2421 1641 2470 ig.
1667 2431 1772 2461 esse

76 2472 208 2515 elem.
241 2467 359 2526 (et)
565 2476 589 2516 5
624 2476 745 2525 qual.
779 2479 867 2517 ext.
902 2478 1007 2518 dico
1041 2483 1193 2519 autem
1228 2479 1326 2529 frig.
1360 2480 1444 2520 cal.
1478 2477 1544 2529 (Ιι.
1579 2478 1643 2528 ο.)
1676 2481 1709 2520 Α

79 2530 102 2570 7
136 2532 377 2581 qualitates
408 2532 493 2573 τοῖ’
526 2546 608 2584 per
636 2532 723 2574 τοῐ
755 2532 859 2585 (τοῖ’
891 2539 1032 2578 etiam
1070 2536 1143 2588 10)
1267 2538 1292 2578 8
1327 2540 1443 2579 haec
1475 2540 1509 2580 A
1634 2539 1661 2579 9
1694 2551 1774 2589 per

78 2601 167 2631 om.
185 2591 219 2632 A
310 2591 364 2633 10
389 2597 435 2635 et
458 2606 548 2636 om.
565 2595 599 2635 A
663 2595 896 2645 infrigidat
920 2596 958 2636 B
989 2597 1186 2647 infrigid·
1204 2599 1237 2639 A
1337 2598 1390 2638 12
1416 2600 1664 2639 contrarias
1689 2599 1769 2640 PA

141 2649 193 2689 14
226 2649 323 2701 frig.
356 2654 559 2695 existens
592 2657 775 2705 transp.
809 2655 843 2696 A
931 2667 937 2673 ·
999 2655 1164 2706 frigida
1198 2677 1249 2683 —
1289 2658 1341 2697 15
1376 2655 1584 2707 humido]
1619 2659 1770 2699 calido

77 2712 123 2748 et
156 2709 343 2750 humido
375 2711 538 2763 frigida
569 2717 615 2755 et
645 2715 769 2754 sicca
802 2715 838 2754 Β
1063 2715 1114 2755 17
1149 2717 1264 2756 intra
1295 2717 1368 2757 Ηο
1397 2719 1714 2767 probabiliter

82 2767 134 2807 18
166 2769 409 2811 existentia
439 2774 708 2814 contrariam
734 2774 768 2815 A
856 2773 911 2813 20
945 2775 1065 2815 coni.
1090 2786 1147 2815 ea
1172 2778 1354 2827 transp.
1380 2778 1414 2817 A
1501 2777 1558 2817 22
1589 2789 1711 2828 aqua
1735 2779 1769 2819 A

133 2830 247 2878 post
277 2829 408 2871 exist.
441 2833 592 2873 d.1'.v.
626 2831 701 2872 καὶ
734 2829 894 2871 αὐτῶν
1017 2833 1072 2873 24
1106 2835 1324 2876 caliditati
1353 2837 1387 2877 A
1512 2837 1568 2877 25
1602 2839 1769 2888 quaed.

79 2887 197 2927 med.
215 2887 298 2928 AB
321 2885 463 2939 0120„
487 2893 572 2933 sed
594 2893 734 2943 siyna
760 2894 931 2934 invers.
950 2894 1062 2934 add.
1080 2890 1137 2943 B)
1200 2888 1268 2935 et²
1291 2907 1380 2936 om.
1399 2896 1437 2936 Β
1526 2896 1582 2936 26
1608 2908 1769 2937 unum-

79 2947 298 2996 quodque
331 2948 464 2998 igitur
495 2949 668 3001 eorum]
704 2953 827 2992 unde
863 2964 941 3001 per
974 2964 1096 3003 quae
1130 2955 1263 3004 igitur
1297 2956 1453 2995 horum
1482 2957 1513 2997 A
