1982 3172
233 110 299 158 74
598 104 854 150 NEMESII
889 104 1203 151 PREMNON
1236 105 1561 153 PHYSICON

177 248 202 287 6
236 255 455 290 sensum
489 241 689 291 existit.
748 241 1006 304 Oportuit
1040 242 1205 305 igitur
1242 242 1544 293 secundum
1578 242 1719 294 hanc
1752 244 1915 295 ratio-

234 328 374 372 nem,
405 315 533 378 quia
569 314 659 364 IIII
694 322 820 365 sunt
855 315 1139 374 elementa,
1176 322 1433 378 quattuor
1463 331 1587 368 esse
1615 322 1671 369 et
1704 331 1914 369 sensus

177 397 199 436 7
234 389 339 439 Sed
386 390 513 452 quia
556 404 732 452 vapor
772 396 826 440 et
870 390 1103 440 odorum
1147 404 1323 454 genus
1366 391 1419 441 in
1459 391 1643 442 medio
1686 398 1915 444 naturae

233 469 371 517 aeris
395 472 447 518 et
469 482 646 530 aquae
670 473 764 526 est,
785 493 852 500 —
877 469 1015 518 aeris
1038 469 1238 519 etenim
1263 474 1357 528 est,
1383 469 1532 532 quod
1555 474 1636 520 est
1659 471 1916 534 grossius

232 552 408 600 aquae
437 551 586 596 ver0,
623 539 769 600 quod
807 539 1049 595 tenuius;
1087 539 1463 602 (manifestum
1498 546 1681 591 autem
1714 540 1915 592 sithoc
1961 551 1982 585 5

236 626 330 673 per
374 613 688 674 passionem
737 627 991 677 coryzae:
1047 620 1368 678 coryzantes
1412 628 1649 678 namque
1692 615 1914 666 trahunt

234 700 414 736 aerem
443 700 539 749 per
570 687 887 744 anhelitum,
919 688 1279 750 suscipientes
1310 702 1442 739 vero
1471 688 1617 739 hunc
1643 702 1913 751 vaporum

236 760 367 810 nihil
393 761 691 823 accipiunt;
721 776 848 812 nam
879 768 1102 824 propter
1133 762 1554 821 obturationem,
1585 763 1734 826 quod
1761 776 1917 828 gros-

236 840 347 888 sius
381 844 484 898 est,
522 853 632 889 non
672 841 925 903 pertingit
957 840 1026 890 ad
1061 835 1304 902 sensum)
1340 866 1409 872 -
1443 846 1729 903 propterea
1760 841 1919 905 igitur

237 910 459 971 quintus
485 923 695 968 sensuS‚
725 911 831 961 hoc
856 916 940 961 est
970 910 1223 968 olfactus,
1253 925 1286 960 a
1314 917 1509 962 natura
1533 916 1618 963 est
1645 912 1916 970 inventus,
1944 920 1982 956 ¹⁰

237 988 295 1034 ut
317 983 452 1034 nihil
481 984 783 1035 valentium
813 985 883 1035 ad
914 986 1165 1036 notitiam
1195 985 1455 1036 accedere
1483 982 1723 1049 refugiat
1748 986 1918 1037 sensi-

179 1067 205 1107 8
237 1057 519 1109 bilitatem.
647 1058 741 1110 Est
782 1065 965 1110 autem
1008 1059 1342 1110 sensibilitas
1383 1074 1492 1110 non
1536 1059 1757 1123 quidem
1798 1073 1918 1123 per-

237 1133 484 1192 mutatio,
543 1133 641 1184 sed
701 1134 1123 1196 permutationis
1197 1135 1454 1197 cognitio.
1535 1134 1919 1186 Permutantur

236 1220 474 1270 namque
516 1207 811 1266 sensibilia,
856 1207 953 1258 sed
996 1208 1255 1259 discernit
1297 1209 1756 1271 permutationem
1799 1222 1919 1260 sen-

180 1289 206 1329 9
239 1281 486 1332 sibilitaS.
549 1281 792 1333 Vocatur
836 1287 1019 1333 autem
1063 1282 1378 1345 frequenter
1422 1282 1756 1334 sensibilitas
1800 1291 1982 1334 sen-1⁵

238 1370 348 1405 suS.
379 1355 487 1406 Sed
514 1356 849 1407 sensibilitas
870 1362 956 1407 est
980 1357 1220 1419 receptio
1247 1357 1604 1408 sensibilium.
1639 1356 1748 1408 Sed
1765 1357 1918 1408 vide·

238 1435 324 1480 tur
358 1430 495 1480 haec
533 1430 830 1494 descriptio
867 1445 978 1481 non
1015 1445 1139 1482 esse
1178 1432 1352 1493 ipsius
1392 1431 1783 1490 sensibilitatiS‚
1820 1431 1916 1482 sed

153 1512 204 1552 ιο
237 1505 620 1567 operationum
659 1505 791 1555 eius.
853 1505 1011 1556 Unde
1051 1506 1128 1556 sic
1165 1519 1384 1568 quoque
1423 1505 1710 1556 diffiniunt
1747 1506 1918 1556 sensi-

236 1578 518 1636 bilitatem,
543 1579 794 1642 spiritum
820 1593 945 1630 esse
973 1579 1349 1630 dinoscentem
1377 1593 1410 1629 a
1437 1579 1739 1642 principali,
1767 1579 1916 1642 quod

235 1666 430 1715 graece
460 1653 657 1703 dicitur
689 1653 1091 1716 higemonicon,
1123 1653 1194 1703 ad
1226 1654 1590 1705 instrumenta
1618 1659 1915 1705 extentum.
1940 1661 1982 1697 2⁰

152 1734 200 1774 11
236 1726 330 1777 Est
359 1741 492 1778 vero
527 1733 583 1778 et
615 1727 721 1778 hoc
754 1727 948 1778 modo:
995 1727 1340 1779 Sensibilitas
1372 1733 1459 1779 est
1489 1728 1665 1779 virtus
1700 1728 1915 1779 animae

237 1802 552 1864 susceptiva
582 1802 948 1859 sensibilium;
984 1815 1179 1853 sensus
1211 1815 1344 1852 vero
1377 1807 1462 1852 est
1493 1802 1915 1853 instrumentum

151 1882 203 1923 12
236 1877 603 1938 susceptionis
648 1876 1005 1927 sensibilium.
1062 1876 1262 1927 Plato
1304 1889 1438 1927 vero
1500 1875 1914 1927 sensibilitatem

235 1963 356 2000 esse
384 1950 513 2000 dicit
543 1951 758 2000 animae
786 1956 841 2001 et
871 1951 1117 2013 corporis
1148 1951 1698 2001 communicationem
1728 1950 1798 2000 ad
1825 1963 1915 2001 ex-

235 2024 449 2074 teriora.
506 2024 647 2074 Nam
691 2025 868 2090 virtus
910 2030 995 2076 est
1039 2025 1270 2083 animae,
1316 2026 1736 2075 instrumentum
1779 2038 1912 2076 vero
1939 2031 1982 2067 2⁵

235 2098 505 2161 corporis;
530 2104 758 2161 utraque
786 2113 917 2150 vero
946 2112 1044 2161 per
1070 2099 1418 2161 phantasiam
1447 2099 1762 2161 susceptiva
1788 2103 1914 2149 sunt

152 2179 204 2219 13
236 2173 584 2223 exteriorum.
634 2172 971 2223 Animalium
1004 2187 1138 2223 vero
1171 2173 1228 2223 id
1261 2179 1346 2224 est
1376 2187 1584 2231 eorum,
1619 2186 1758 2235 quae
1789 2179 1916 2223 sunt

235 2247 466 2304 animae,
501 2246 638 2297 haec
677 2247 898 2309 quidem
938 2253 1064 2298 sunt
1105 2247 1470 2298 deservientia
1507 2252 1560 2297 et
1598 2260 1913 2309 repraesen-

236 2321 422 2378 tantia,
458 2321 595 2371 haec
631 2334 764 2372 vero
805 2322 1170 2383 principantia
1208 2335 1272 2371 ac
1311 2321 1702 2383 dispensantia.
1763 2320 1914 2370 Prin-

309 2455 334 2495 2
369 2455 471 2495 ·IIII·
506 2459 611 2496 sunt
643 2459 824 2508 transp.
857 2457 895 2497 B
1089 2457 1115 2497 3
1146 2467 1366 2506 vaporum
1398 2456 1436 2496 Β
1555 2451 1759 2504 naturae]
1793 2455 1915 2496 enim

233 2516 313 2555 lin.
347 2517 526 2556 transt).
559 2517 694 2557 delet.
727 2516 765 2556 Β
885 2515 911 2555 4
943 2517 1112 2557 etenim
1145 2516 1185 2556 Ρ
1214 2517 1335 2557 enirn
1367 2514 1450 2556 AB
1533 2514 1658 2564 quod
1689 2517 1759 2555 est
1789 2525 1915 2565 gros-

232 2575 327 2614 sius
359 2574 392 2614 Α
429 2569 589 2626 quodg‘l
618 2572 693 2623 (ex
725 2575 910 2624 quidem
943 2586 1061 2616 corr.
1087 2587 1145 2615 m.
1169 2572 1215 2624 2)
1247 2578 1316 2616 est
1347 2574 1544 2615 crossius
1572 2573 1611 2613 Ρ
1641 2574 1766 2623 quod
1797 2584 1916 2614 cras-

232 2643 310 2672 sus
341 2634 378 2673 Β
499 2634 524 2673 5
558 2631 757 2683 tenuius]
791 2635 942 2675 tenuis
974 2638 1043 2675 est
1073 2635 1111 2675 B
1231 2634 1257 2674 8
1290 2633 1515 2683 opturatio
1547 2632 1587 2673 Ρ
1616 2633 1856 2673 obduratio
1879 2633 1917 2673 Β

292 2692 318 2731 9
350 2689 425 2741 ad]
460 2704 608 2742 usque
641 2693 700 2733 ad
723 2694 758 2734 A
884 2693 937 2733 18
970 2704 1095 2743 oper.
1121 2694 1220 2734 eius
1246 2695 1426 2743 transp.
1450 2692 1489 2732 Β
1548 2688 1914 2740 sensibilitatem]

232 2752 451 2791 sensibile
482 2752 520 2791 Β
700 2752 755 2792 20
789 2753 950 2793 dicitur
980 2764 1069 2793 om.
1101 2753 1139 2793 Β
1266 2752 1358 2802 hig.
1391 2762 1476 2802 eyo
1509 2751 1568 2800 ig.
1601 2750 1642 2791 P
1668 2761 1743 2802 yg.
1775 2750 1858 2791 AB

232 2809 283 2848 21
321 2810 409 2850 hoc
442 2804 655 2862 (modo)
688 2823 774 2862 eqo
807 2807 999 2861 (οὕτως)
1032 2812 1121 2852 hoc
1152 2811 1236 2852 AB
1270 2811 1385 2852 haec
1415 2810 1455 2851 P
1608 2808 1796 2850 23-24
1828 2809 1915 2850 dic.

231 2870 342 2908 ante
374 2870 721 2911 sensibilitatem
751 2883 863 2921 pon.
888 2871 926 2911 B
1048 2870 1102 2910 24
1135 2881 1362 2910 commun.
1385 2871 1497 2920 post
1524 2871 1662 2910 exter.
1683 2879 1795 2920 pon.
1820 2868 1854 2909 Α

233 2926 286 2966 27
321 2928 365 2967 id
399 2925 484 2976 est]
520 2929 638 2968 idem
674 2929 712 2969 Ρ
830 2929 900 2970 29-
916 2929 1187 2980 principalia
1217 2929 1257 2970 Ρ
