1982 3172
584 106 668 152 DE
701 104 998 154 CORPORE
1033 103 1172 150 CAP.
1199 103 1263 149 IV
1698 107 1767 157 59

635 313 751 382 DE
800 311 1217 382 CORPORE
1804 392 1835 440 4

145 454 320 506 Omne
350 467 552 517 corpus
582 466 650 504 ex
681 457 940 515 quattuor
967 450 1254 502 elementis
1283 454 1367 501 est
1396 447 1766 512 compositum
1807 464 1822 503 1

78 535 133 580 et
157 543 224 579 ex
252 528 337 579 his
366 527 573 579 factum
603 532 700 578 est.
729 525 1091 589 Singulariter
1118 529 1301 575 autem
1333 523 1764 586 sanguineorum
1804 524 1827 563 2

80 603 400 654 animalium
438 615 671 664 corpora
709 614 779 651 ex
820 606 1079 664 quattuor
1119 598 1444 650 humoribus
1487 602 1764 649 constant:

36 698 59 732 5
82 683 366 745 sanguine,
388 680 702 744 phlegmate
723 679 1003 742 rubeaque
1025 677 1240 729 cholera
1262 682 1315 727 et
1336 677 1510 740 nigra;
1538 689 1604 726 ea
1624 689 1770 732 vero,

82 766 222 816 quae
266 758 394 804 sunt
436 766 547 803 non
593 751 1024 814 sanguineorum
1068 754 1123 800 et
1166 762 1235 799 ex
1278 747 1403 799 aliis
1441 746 1767 798 humoribus

82 834 135 879 et
167 841 234 879 ex
266 827 455 878 habito
489 826 718 877 humore
751 826 806 874 in
840 825 978 887 ipsis
1013 823 1135 875 loco
1164 823 1468 886 sanguinis.
1514 821 1769 885 Singula·
1805 822 1830 863 3

83 903 211 954 riter
242 915 375 952 vero
411 900 623 958 dicitur,
660 899 883 962 quando
920 897 1295 962 principaliter
1329 911 1398 948 ex
1432 897 1643 948 eisdem
1672 896 1770 947 ali-

84 976 214 1040 quid
250 975 330 1033 fit,
366 981 426 1026 ut
462 976 531 1026 sit
565 975 687 1038 ipsa
725 979 985 1037 quattuor
1020 973 1418 1024 elementorum
1450 971 1769 1022 commixtio

21 1069 62 1105 10
84 1056 342 1113 quattuor
374 1049 650 1106 humores,
687 1049 979 1100 humorum
1019 1061 1150 1098 vero
1190 1047 1297 1098 sint
1334 1047 1677 1098 homiomera
1713 1045 1767 1096 id

82 1131 165 1176 est
209 1124 416 1176 similes
461 1130 645 1188 partes
690 1123 964 1180 habentia,
1010 1136 1150 1185 quae
1197 1127 1324 1173 sunt
1368 1121 1615 1172 membra
1654 1134 1770 1171 cor-

84 1201 250 1263 poris.
302 1198 627 1250 Assimilant
669 1204 853 1249 autem
898 1204 1074 1249 terrae
1118 1196 1340 1260 quidem
1385 1197 1600 1260 nigram
1645 1195 1771 1246 cho·
1807 1196 1831 1235 4

86 1278 268 1336 leram,
293 1291 471 1341 aquae
493 1291 623 1327 vero
651 1276 912 1340 phlegma
934 1281 986 1327 et
1007 1276 1118 1326 aeri
1141 1275 1484 1339 sanguinem,
1511 1275 1623 1338 igni
1644 1288 1775 1324 vero

86 1348 361 1400 choleram
391 1348 631 1398 rubeam.
672 1347 848 1398 Omne
878 1361 1010 1398 vero
1040 1347 1410 1410 compositum
1440 1359 1508 1396 ex
1537 1345 1773 1396 elemen·
1808 1346 1832 1385 5

24 1442 64 1476 15
88 1415 157 1475 tis
201 1430 296 1474 aut
342 1422 564 1474 firmum
610 1428 695 1474 est
739 1428 835 1473 aut
882 1422 1080 1473 humor
1126 1427 1222 1473 aut
1263 1421 1506 1485 spiritus.
1620 1420 1774 1471 Ari·
1811 1428 1836 1467 6

87 1497 388 1549 stoteles
414 1502 598 1548 autem
628 1496 939 1561 specialiter
966 1511 1033 1548 ex
1062 1496 1183 1547 solo
1213 1496 1483 1560 sanguine
1510 1495 1630 1546 vult
1652 1495 1774 1546 fieri

87 1586 319 1635 corpora
349 1571 695 1628 animalium;
728 1586 796 1624 ex
830 1572 935 1622 hoc
965 1573 1110 1622 enim
1144 1576 1198 1622 et
1229 1571 1424 1622 nutriri
1453 1570 1772 1634 singulatim

84 1651 138 1699 et
180 1660 421 1698 crescere
464 1646 720 1698 animalis
765 1648 951 1698 omnia
995 1646 1242 1697 membra
1285 1651 1339 1697 et
1384 1659 1573 1696 semen
1610 1659 1774 1709 gene-

86 1722 354 1772 rationem
381 1721 449 1772 de
478 1722 746 1785 sanguine
774 1721 991 1772 habere.
1030 1721 1139 1772 Sed
1167 1721 1298 1784 quia
1321 1734 1391 1772 ex
1412 1734 1524 1772 uno
1552 1720 1774 1772 eodem·
1812 1719 1834 1758 7

22 1814 64 1850 20
87 1810 191 1859 que
229 1810 340 1848 non
378 1796 636 1848 videntur
675 1796 813 1847 bene
854 1810 912 1847 se
952 1796 1169 1854 habere,
1210 1801 1271 1847 ut
1303 1809 1434 1847 ossa
1475 1795 1774 1846 durissima

86 1875 140 1920 et
171 1884 298 1921 caro
332 1870 660 1922 mollissima
692 1872 1045 1935 axungiaque
1079 1870 1233 1929 fiant,
1270 1870 1476 1934 placuit
1510 1869 1775 1933 Hippo-

88 1945 263 1996 crati
299 1940 476 2008 primo
512 1959 744 2009 corpora
778 1946 1099 1997 animalium
1133 1959 1202 1997 ex
1238 1951 1499 2009 quattuor
1532 1945 1775 1996 humori-

87 2019 190 2069 bus
236 2019 555 2083 singulatim
602 2021 997 2084 compaginari‚
1043 2026 1104 2072 ut
1147 2035 1216 2072 ex
1263 2020 1364 2078 his,
1412 2034 1553 2083 quae
1594 2020 1773 2083 magis

167 2169 183 2209 1
222 2169 291 2210 De
316 2180 507 2219 corpore
533 2169 570 2209 Ρ
600 2168 654 2193 *⁴
677 2174 729 2209 23
752 2170 848 2219 fere
873 2171 962 2211 litt.
981 2171 1018 2211 Β
1042 2183 1130 2211 om.
1148 2170 1199 2220 A,
1233 2172 1433 2212 ceterum
1459 2172 1515 2221 cf.
1541 2183 1663 2222 quae
1686 2175 1776 2218 52,1

89 2230 319 2270 adnotavi
441 2229 466 2269 5
500 2229 733 2278 rubeaque
758 2229 909 2270 colera
933 2230 972 2270 Ρ
1002 2231 1143 2272 rubea
1167 2230 1319 2272 colera
1341 2231 1380 2272 Β
1410 2231 1563 2271 colera
1587 2231 1719 2270 rubra
1743 2230 1774 2270 A

150 2289 176 2329 6
208 2292 313 2329 sunt
345 2299 439 2329 non
472 2290 654 2339 transp.
687 2287 770 2328 AB
862 2288 886 2328 7
920 2292 965 2331 et
995 2300 1054 2331 ex
1085 2301 1171 2340 eqo
1205 2286 1276 2339 (ἔκ
1306 2287 1377 2340 τε)
1410 2293 1455 2331 et
1486 2290 1524 2330 Β
1555 2301 1612 2331 ex
1636 2289 1716 2330 PA

90 2348 126 2388 8,
149 2359 206 2390 ex
230 2348 406 2390 eisdem
432 2348 471 2389 Ρ
500 2358 558 2389 ex
581 2348 649 2388 eis
674 2347 708 2388 A
737 2359 824 2388 om.
843 2348 880 2388 B
999 2349 1026 2389 9
1058 2346 1132 2398 sit]
1158 2360 1210 2390 se
1233 2350 1271 2390 Β
1391 2349 1444 2389 10
1477 2350 1716 2390 humorum
1743 2349 1782 2388 Ρ

91 2408 275 2448 humor-
292 2408 326 2449 A
355 2408 568 2449 humores
586 2407 623 2448 Β
707 2408 991 2449 homiomera
1015 2420 1101 2459 eqo
1126 2409 1400 2450 homiomeri
1425 2409 1464 2449 Ρ
1487 2409 1724 2449 omiomeri
1743 2408 1775 2448 A

91 2468 281 2508 omnino
299 2468 396 2508 miri
409 2467 466 2514 B;
488 2478 623 2518 prox.
638 2468 753 2508 locis
771 2468 1100 2509 omiomer.PA
1128 2469 1402 2509 omiomir.B
1482 2467 1530 2508 11
1553 2468 1779 2508 habentes

91 2525 128 2566 Β
231 2525 404 2567 11-12
428 2528 631 2576 corporis
655 2539 744 2568 om.
763 2527 796 2567 A
905 2525 1077 2568 12—14
1101 2524 1348 2568 Assimilai·
1440 2538 1477 2568 c.
1497 2539 1540 2568 n.
1633 2528 1778 2577 sang.'

94 2615 103 2624 .
130 2615 140 2624 .
173 2596 219 2626 cr
249 2582 355 2637 (pro
388 2588 515 2638 notis
547 2599 585 2628 c.
616 2599 646 2628 r.
673 2603 727 2617 =
754 2582 992 2637 colera(m)
1026 2583 1243 2636 rubra(m)
1276 2588 1352 2628 hic
1383 2589 1429 2628 et
1460 2589 1543 2628 cet.
1572 2588 1680 2635 loc.,
1722 2588 1778 2637 cf.

90 2649 215 2693 59,5,·
246 2642 389 2696 61,10)
421 2645 454 2686 A
549 2648 642 2698 nig.
668 2646 786 2687 chol.
813 2648 995 2697 transp.
1020 2646 1100 2687 PA
1243 2646 1296 2686 13
1328 2639 1459 2688 vero¹
1492 2658 1581 2687 om.
1606 2646 1639 2687 A
1734 2650 1780 2687 et

91 2715 180 2744 om.
201 2703 284 2745 AB
405 2704 458 2746 14
489 2716 598 2748 vero
624 2718 712 2748 om.
730 2706 768 2747 B
825 2708 940 2756 post
969 2717 1027 2747 ex
1051 2707 1162 2747 add.
1188 2705 1304 2746 1111or
1327 2707 1364 2747 Β
1488 2706 1540 2746 15
1574 2706 1716 2746 hu'or'
1742 2707 1775 2747 A

168 2762 220 2803 17
252 2764 538 2814 singulariter
567 2766 602 2808 A
735 2765 788 2806 18
821 2776 981 2806 semen
1014 2766 1062 2806 ἰη
1094 2766 1285 2806 seminis
1317 2767 1520 2807 mutavit
1549 2759 1611 2806 1³²
1641 2766 1778 2807 semi-

92 2823 163 2862 nis
195 2823 277 2863 AB
398 2823 453 2863 20
485 2825 605 2867 bene
635 2827 748 2877 post
779 2826 885 2865 hab.
915 2836 1027 2875 pon.
1053 2824 1086 2866 A
1123 2835 1211 2865 om.
1236 2825 1274 2866 B
1395 2825 1445 2865 21
1484 2826 1778 2875 axungiaque

92 2893 177 2934 eqo
214 2883 525 2933 assungiaque
557 2885 596 2926 Ρ
633 2886 834 2935 axungia
866 2896 985 2934 quae
1018 2884 1051 2925 A
1086 2885 1380 2936 anxugiaque
1413 2886 1469 2931 B.
1510 2886 1617 2926 [tem
1652 2886 1778 2926 vari-

92 2943 179 2984 ant
209 2942 318 2983 libri
348 2947 465 2992 60,12
585 2944 641 2985 23
673 2955 792 2994 quae
826 2945 972 2995 magis
1003 2947 1109 2984 sunt
1139 2956 1228 2987 om.
1261 2944 1298 2986 B
