1982 3172
211 118 281 167 46
578 109 835 155 NEMESII
868 109 1184 156 PREMNON
1216 109 1541 157 PHYSICON

213 248 452 298 distendi
483 248 685 305 dicenS,
721 248 817 297 sed
854 247 1315 306 intellectualiter;
1350 249 1490 299 hanc
1524 264 1741 313 quoque
1772 253 1886 301 ani-

148 343 157 352 ·
214 336 358 371 mam
393 335 514 372 esse
552 321 1021 372 circumferentem
1059 321 1392 373 circulariter
1425 329 1600 374 totum
1636 330 1690 375 et
1725 326 1894 376 conti-

126 630 180 669 93

126 927 179 966 94

126 1521 181 1559 95

127 1966 183 2005 96

129 2189 182 2228 97

212 402 430 447 nentem
459 402 511 446 et
543 396 1009 458 constringentem
1042 396 1189 458 quod
1220 402 1303 447 est
1332 398 1521 448 mundi
1553 411 1893 462 corporeum.

214 470 464 533 Indigere
516 476 699 520 autem
755 483 987 532 corpora
1043 471 1353 522 continente
1405 473 1460 522 in
1516 473 1892 535 superioribus

212 551 577 595 monstratum
601 550 698 595 est.
736 544 933 595 Facere
957 558 1088 594 vero
1112 544 1217 595 hoc
1240 546 1520 608 propriam
1544 548 1620 597 ait
1637 549 1893 598 animam.
1940 553 1964 588 5

212 618 410 668 Vivere
434 619 578 668 enim
608 618 1042 681 unumquodque
1070 620 1420 670 existentium
1451 622 1675 683 propria
1701 622 1815 672 vita
1841 628 1895 673 et

214 694 488 755 corrumpi
518 692 792 743 solutione
822 694 1060 756 propria.
1101 693 1242 743 Nam
1271 700 1330 744 ut
1359 695 1666 746 continetur
1692 701 1746 746 et
1767 709 1895 747 con-

214 768 499 829 stringitur
540 781 756 829 corpuS,
798 780 920 817 esse
964 767 1175 833 dici-tur,
1217 782 1339 818 cum
1381 782 1513 819 vero
1556 769 1893 829 dissolvitur,

214 842 513 904 corrumpi;
543 847 596 891 et
626 843 811 892 vivere
843 841 1064 904 quidem
1095 843 1171 892 ait
1200 844 1400 901 omnia,
1430 857 1541 893 non
1565 850 1748 895 autem
1779 858 1895 894 om-

214 917 303 964 nia
343 929 467 965 esse
510 915 784 965 animalia.
841 915 1235 967 Discernuntur
1277 918 1421 967 enim
1465 917 1534 967 ab
1577 919 1893 970 inanimatis
1920 924 1965 960 10

215 990 449 1051 plantae,
478 991 604 1052 quia
633 997 881 1041 crescunt
907 996 959 1040 et
983 992 1312 1049 nutriuntur,
1339 992 1445 1041 hoc
1469 997 1552 1042 est
1570 992 1814 1043 nutribili
1841 998 1894 1043 et

212 1064 463 1114 nascibili
501 1066 726 1122 virtute;
766 1065 1162 1115 irrationabilia
1200 1079 1332 1115 vero
1370 1066 1630 1116 animalia
1669 1080 1701 1116 a
1739 1067 1894 1129 plan-

213 1139 282 1189 tis
321 1138 681 1189 sensibilitate
720 1145 772 1189 et
812 1139 1159 1189 rationabilia
1197 1140 1265 1189 ab
1305 1141 1772 1191 irrationabilibus
1810 1155 1894 1191 ra-

213 1213 603 1270 tionabilitate;
662 1220 714 1264 et
774 1216 852 1263 sic
910 1215 1095 1263 omnia
1153 1215 1339 1264 vivere
1400 1214 1643 1265 dicentes
1688 1214 1892 1266 distare

213 1287 423 1337 faciunt
464 1288 896 1350 uniuscuiusque
938 1295 1206 1338 naturam.
1258 1288 1457 1339 Vivere
1498 1290 1664 1351 igitur
1707 1288 1893 1340 dicunt
1921 1295 1964 1330 1⁵

214 1362 399 1411 omnia
430 1363 731 1412 inanimata
763 1362 1158 1424 procreabilem
1191 1363 1376 1421 vitam,
1409 1362 1711 1413 secundum
1745 1363 1893 1426 quod

215 1437 560 1486 continentur
591 1450 623 1485 a
656 1437 824 1486 totius
857 1437 1055 1494 anima,
1087 1443 1146 1487 ut
1179 1436 1532 1487 solummodo
1566 1438 1673 1488 sint
1698 1443 1751 1488 et
1781 1444 1893 1488 non

215 1509 605 1560 dissolvantur.
642 1510 796 1560 Hanc
821 1516 1004 1561 autem
1031 1524 1152 1560 esse
1177 1511 1433 1569 animam,
1460 1525 1600 1573 quae
1623 1511 1895 1574 gubernat

216 1590 390 1635 totum
420 1591 473 1634 et
506 1598 645 1646 quae
677 1586 842 1635 mittit
873 1584 1231 1647 particulares
1263 1586 1475 1635 animas
1507 1586 1660 1648 prius
1684 1599 1717 1635 a
1748 1599 1894 1636 crea-

216 1665 331 1708 tore
368 1658 560 1716 factas,
598 1658 840 1709 ostendit
875 1660 1021 1709 enim
1058 1659 1127 1709 ab
1164 1660 1288 1721 ipso
1327 1665 1569 1710 creatore
1600 1659 1751 1722 leges
1790 1659 1892 1710 sibi
1919 1666 1965 1701 20

218 1733 391 1790 dataS,
417 1733 616 1794 quibus
643 1739 896 1795 oporteat
922 1734 1026 1783 hoc
1050 1739 1226 1784 totum
1250 1747 1373 1783 eam
1400 1733 1737 1796 dispensare,
1759 1747 1896 1796 quas

215 1814 267 1858 et
297 1808 707 1870 generationem
740 1813 902 1858 vocat
934 1813 987 1858 et
1018 1807 1200 1858 dantis
1232 1809 1488 1858 virtutem
1523 1807 1892 1858 sufficientem

217 1883 538 1944 dispensare
565 1896 683 1932 nos,
724 1881 990 1932 Dicuntur
1019 1887 1202 1932 autem
1231 1882 1366 1932 haec
1392 1883 1446 1931 in
1475 1882 1575 1939 his,
1599 1895 1740 1944 quae
1768 1887 1895 1933 sunt

217 1956 283 2005 de
305 1958 674 2017 generatione.
778 1954 1152 2008 Communiter
1174 1956 1340 2020 igitur
1362 1969 1554 2007 omnes
1577 1956 1624 2006 H
1639 1955 1895 2007 ellines

215 2031 454 2079 animam
475 2030 842 2081 immortalem
866 2030 1220 2081 ostendentes
1243 2031 1703 2093 incorporationis
1726 2029 1895 2081 denu-
1918 2035 1964 2070 23

219 2104 496 2154 dationem
538 2104 749 2155 docent.
803 2103 909 2154 Sed
952 2104 1282 2155 dissentiunt
1325 2105 1391 2154 de
1444 2103 1731 2166 speciebus
1780 2105 1894 2154 ani-

217 2192 444 2228 marum.
490 2178 557 2227 Hi
592 2179 790 2229 etenim
828 2193 991 2228 unam
1028 2180 1280 2241 speciem,
1317 2177 1640 2230 rationalem
1676 2176 1894 2236 scilicet,

292 2285 310 2324 1
343 2279 375 2336 As
388 2284 589 2325 distendi
623 2285 781 2324 dicens
815 2279 888 2332 (os
914 2295 1034 2324 eras,
1061 2282 1173 2333 vicl.)
1198 2284 1236 2324 Ρ
1267 2284 1452 2324 extendi
1485 2283 1643 2323 dicens
1666 2281 1702 2323 A
1737 2283 1896 2323 dicens

216 2344 418 2384 distendi
450 2340 572 2392 (hoc.
606 2340 729 2391 ord.)
759 2343 798 2383 Β
1014 2342 1039 2382 2
1081 2340 1368 2391 circulariter]
1402 2343 1567 2382 circum
1601 2342 1739 2382 larem
1769 2342 1808 2382 Β

215 2406 239 2441 4
275 2414 464 2452 corpore
505 2414 559 2443 ex
590 2412 780 2452 corpora
813 2414 931 2442 corr.
963 2402 997 2442 A
1181 2403 1206 2442 5
1239 2406 1308 2442 est
1339 2413 1428 2442 om.
1459 2401 1493 2441 A
1676 2400 1702 2439 6
1736 2411 1896 2440 unum-

215 2463 341 2511 quod
364 2462 403 2502 Ρ
432 2471 809 2511 unumquemque
832 2461 867 2501 A
931 2462 1221 2501 existentium
1257 2472 1346 2501 om.
1369 2460 1458 2501 AB
1577 2459 1604 2499 9
1635 2460 1792 2500 omnia
1813 2458 1895 2499 PA

215 2522 368 2561 amma
391 2522 428 2562 Β
537 2521 585 2560 11
623 2521 711 2560 hoc
736 2523 806 2560 est
829 2532 918 2561 om.
935 2520 969 2560 A
1082 2519 1253 2560 11—12
1285 2530 1409 2560 nasc.
1435 2521 1480 2560 et
1503 2521 1617 2559 nutr.
1643 2515 1708 2567 (Ιι.
1727 2515 1792 2568 ο.)
1814 2517 1898 2559 ΑΒ

278 2580 330 2620 13
362 2581 664 2621 rationalitate
694 2580 732 2620 Β
906 2579 959 2619 15
992 2580 1126 2629 igitur
1155 2579 1227 2620 PA
1261 2589 1370 2628 ergo
1401 2578 1439 2619 Β
1621 2577 1674 2617 16
1707 2578 1896 2627 percita-

218 2639 351 2679 bilem
377 2640 410 2679 A
534 2639 786 2680 secundum
818 2639 891 2679 Ho
930 2639 1014 2679 sed
1044 2639 1173 2679 ΡΑΒ
1302 2639 1414 2679 ante
1446 2636 1571 2686 quod
1602 2637 1735 2678 add.:
1767 2636 1830 2677 ita
1858 2635 1897 2677 Β

217 2698 262 2737 id
292 2698 364 2738 Ho
571 2698 624 2738 19
657 2709 777 2747 quae
809 2695 957 2746 mittit]
992 2698 1150 2748 mundi
1182 2693 1343 2747 (mutat
1373 2707 1602 2747 superscr.
1635 2707 1694 2736 m.
1723 2692 1769 2745 2)
1799 2694 1835 2735 A

215 2758 447 2798 creatione
479 2757 513 2797 A
675 2757 730 2796 20
762 2753 925 2806 facta(s
956 2757 1110 2808 suppl.
1143 2769 1200 2797 m.
1231 2753 1276 2806 2)
1307 2756 1347 2796 Ρ
1502 2754 1553 2794 21
1594 2749 1896 2804 ss'dispensare

219 2811 355 2855 fleam
387 2816 421 2855 A
545 2816 600 2855 22
632 2817 817 2856 virtutes
840 2810 901 2855 Ρ1
925 2827 1043 2857 corr.
1067 2809 1127 2856 Ρ*
1247 2814 1302 2855 23
1334 2817 1440 2855 sunt
1459 2816 1573 2865 post
1595 2824 1702 2864 gen.
1722 2823 1835 2864 pon.
1858 2811 1892 2852 A

275 2874 331 2914 24
363 2874 568 2915 Hellines
601 2885 686 2924 eyo
718 2875 880 2916 ellines
904 2875 992 2916 ΡΒ
1023 2871 1124 2917 ᾱιῇε
1155 2871 1231 2924 (=
1251 2871 1462 2923 dicimus)
1486 2873 1521 2913 A
1556 2872 1774 2913 Hellenos
1796 2870 1896 2919 Ho;

216 2933 272 2985 cf.
305 2945 425 2984 quae
455 2939 585 2981 25,13
617 2935 847 2974 adnotavi
882 2956 892 2964 -
984 2933 1038 2973 27
1072 2930 1258 2982 etenim]
1293 2933 1414 2974 enim
1447 2932 1481 2972 A
