1982 3172
100 88 185 135 AB
217 84 482 134 ALFANO
517 85 582 132 IN
616 83 907 132 LATINUM
940 82 1382 131 TRANSLA‘TUM
1417 82 1556 130 CAP.
1584 84 1621 129 11
1673 91 1732 140 31

52 228 432 289 incorporeum
462 238 493 274 a
525 237 754 287 corpore
789 224 1122 287 disiungitur
1151 236 1331 286 neque
1363 223 1579 285 corpori
1610 236 1734 273 con-

50 299 293 363 iungitur
322 298 420 349 sed
450 299 635 348 anima
648 303 702 349 et
717 297 1067 360 coniungitur
1083 297 1300 359 corpori
1314 301 1370 348 et
1385 295 1750 359 disiungitur..

49 373 251 425 Anima
284 373 454 438 igitur
487 386 598 424 non
633 372 737 424 erit
772 367 1134 435 incorporea!
1169 370 1278 422 Sed
1311 370 1509 423 horum
1545 383 1738 422 verum
1774 380 1830 424 3⁹

49 454 134 501 est
161 454 394 500 mortem
426 447 850 499 disiunctionem
881 460 1003 498 esse
1032 447 1249 497 animae
1279 460 1313 497 a
1342 459 1588 509 corpore.
1613 445 1736 496 Non

0 540 26 573 '15
50 528 234 574 autem
275 522 506 585 adiungi
546 523 932 585 incorporeum
986 522 1204 584 corpori
1257 519 1462 571 falsum
1516 519 1738 584 quidem

48 602 131 648 est
161 596 546 647 universaliter
582 596 804 654 dictum,
839 595 935 646 sed
973 596 1027 645 in
1062 596 1246 646 anima
1280 608 1495 652 verum;
1528 593 1730 645 falsum

49 671 272 735 quidem
301 685 384 731 e0,
418 671 566 735 quod
598 670 744 722 linea
774 672 1099 734 incorporea
1130 671 1374 722 existens
1404 676 1458 722 et
1482 669 1737 733 adiungi-

48 752 135 798 tur
174 747 392 810 corpori
431 752 486 798 et
526 745 861 809 disiungitur
899 759 933 796 a
973 758 1219 809 corpore.
1270 744 1533 797 Similiter
1566 751 1619 796 et
1658 744 1736 796 al-

47 820 208 873 bedo.
245 820 303 871 In
330 822 515 872 anima
541 826 726 872 autem
752 833 944 871 verum
972 826 1079 877 est;
1106 834 1218 871 non
1239 821 1386 871 enim
1413 819 1737 884 adiungitur

0 896 265 959 »corpori
296 896 495 946 anima.
539 894 595 946 Si
629 895 775 946 enim
807 894 1144 958 adiungitur,
1177 894 1553 954 manifestum,
1586 894 1735 958 quod

46 969 262 1021 adiacet
286 970 351 1020 ei.
390 968 448 1021 Si
475 975 661 1021 autem
688 969 918 1028 adiacet,
946 983 1058 1021 non
1086 970 1186 1021 toti
1209 969 1450 1027 adiacet;
1478 970 1736 1034 impossi-

46 1044 153 1096 bile
192 1044 337 1096 enim
378 1058 580 1108 corpus
621 1045 837 1108 corpori
878 1050 1054 1096 totum
1097 1046 1197 1096 toti
1238 1044 1508 1096 adiacere.
1553 1043 1618 1096 Et
1659 1045 1737 1096 sic

45 1132 156 1170 non
197 1120 299 1171 erit
339 1124 517 1171 totum
560 1120 864 1171 animatum
907 1118 1128 1170 animal.
1183 1119 1270 1179 Ut,
1314 1120 1359 1171 si
1396 1119 1734 1183 adiungitur,

47 1207 248 1256 corpus
283 1193 506 1257 quidem
538 1194 641 1245 erit
673 1194 872 1252 anima,
908 1194 1006 1245 sed
1041 1200 1218 1246 totum
1248 1208 1361 1246 non
1395 1195 1498 1246 erit
1526 1195 1736 1245 anima-

0 1282 26 1316 135
47 1274 163 1320 tum
196 1268 415 1319 animal.
462 1267 625 1325 Quod
662 1270 714 1320 si>
741 1275 917 1320 totum
954 1270 1024 1320 sit
1058 1270 1379 1328 animatum,
1406 1283 1508 1321 nec
1540 1269 1736 1321 adiun-

45 1343 192 1406 gitur
220 1357 320 1394 nec
349 1356 551 1407 corpus
581 1350 665 1395 est
692 1344 892 1394 anima.
933 1343 1042 1395 Sed
1073 1343 1279 1395 animal
1304 1349 1480 1396 totum
1511 1350 1596 1397 est
1619 1346 1735 1395 ani-

47 1423 270 1469 matum.
317 1417 488 1481 Igitur
522 1431 702 1481 neque
737 1418 1060 1482 adiungitur
1094 1433 1274 1482 neque
1312 1433 1514 1483 corpus
1551 1420 1653 1471 erit
1682 1427 1735 1471 et

47 1492 392 1555 separabitur
427 1493 756 1556 incorporea
793 1495 1054 1545 existens.
1159 1493 1302 1550 Quia
1341 1508 1475 1545 vero
1512 1508 1624 1546 non
1666 1496 1735 1546 sit
1770 1505 1820 1545 31
1893 1512 1908 1528 κ’

45 1567 229 1617 anima
270 1580 487 1631 corpuS,
530 1568 888 1620 manifestum
935 1568 1058 1633 [est]
1101 1582 1170 1620 ex
1214 1570 1324 1620 iam
1369 1569 1545 1629 dictis,
1585 1570 1733 1633 quod

0 1655 25 1689 ο
45 1654 178 1692 vero
220 1654 331 1693 non
378 1643 448 1694 sit
493 1642 819 1702 substantia,
865 1643 1127 1707 deinceps
1175 1643 1486 1695 dicendum.
1592 1644 1734 1701 Quia
1773 1654 1828 1695 32

49 1729 181 1766 vero
214 1714 614 1768 Dinarchus
643 1717 991 1768 harmoniam
1024 1731 1147 1769 esse
1181 1718 1451 1771 diffinivit
1481 1719 1739 1778 animam,

50 1817 112 1823 —
151 1795 341 1842 contra
379 1791 567 1843 dicens
606 1793 752 1843 enirn
791 1791 1069 1845 Socrati
1109 1794 1351 1844 animam
1391 1794 1737 1845 harmoniam

51 1863 188 1915 dixit
220 1878 359 1924 esse,
395 1865 584 1918 dicens
619 1868 821 1919 imitari
856 1869 1098 1919 animam
1135 1868 1498 1928 harmoniam,
1535 1882 1737 1933 corpus

48 1951 181 1989 vero
224 1938 399 2003 lyram
445 1968 507 1975 —
551 1942 943 2004 exponendum
988 1943 1156 2006 igitur
1201 1943 1366 1995 huius
1412 1943 1735 2003 solutiones,

0 2025 29 2061 5
52 2026 192 2075 quae
216 2019 343 2064 sunt
367 2015 420 2064 in
447 2014 742 2067 Phaedone
766 2016 1105 2069 Platonis.
1141 2018 1264 2069 Una
1288 2019 1457 2081 igitur
1474 2024 1572 2078 est,
1598 2033 1739 2082 quae
1777 2028 1832 2069 33

52 2093 268 2138 constat
294 2102 363 2139 ex
395 2091 768 2152 praeostensis
798 2091 868 2142 ab
897 2106 978 2144 eo.
1021 2093 1448 2162 praeostensum
1479 2099 1564 2145 est
1586 2108 1739 2145 nam-

124 2207 150 2248 2
182 2203 250 2249 et¹
281 2220 370 2250 om.
395 2210 479 2251 AB
569 2211 596 2251 4
639 2212 850 2254 disiunct.
883 2224 988 2255 esse
1021 2216 1204 2266 transp.
1231 2215 1272 2255 D
1367 2215 1394 2255 6
1426 2216 1510 2256 sed
1542 2226 1628 2266 eyo
1662 2216 1746 2256 sed

49 2272 95 2308 et
117 2267 151 2308 A
186 2272 233 2309 et
255 2268 384 2310 PCR
493 2271 693 2311 animam
717 2271 756 2312 Β
878 2272 902 2313 7
935 2273 1059 2315 linea
1082 2274 1115 2314 A
1151 2271 1269 2315 li‘r‘fa
1292 2290 1347 2305 =
1373 2275 1520 2316 littera
1543 2274 1672 2316 PCB

50 2327 252 2368 existens
276 2339 366 2370 om.
382 2323 442 2370 A¹
467 2341 615 2381 supra
641 2341 758 2372 vet-8.
779 2333 934 2383 suppl.
950 2327 1012 2374 A²
1095 2333 1122 2373 8
1143 2336 1260 2385 post
1283 2334 1426 2375 Simil.
1451 2335 1565 2375 add.
1591 2337 1744 2375 autem

50 2385 85 2426 A
193 2387 220 2427 9
252 2388 406 2428 anima
438 2392 591 2430 autem
625 2389 671 2430 M
703 2391 906 2431 animum
932 2391 968 2433 Β
1085 2392 1134 2433 11
1171 2388 1392 2442 adiacet³l
1426 2394 1611 2434 abiacet
1636 2392 1675 2434 C

54 2443 108 2484 12
138 2447 261 2487 enim
286 2447 326 2488 Ρ
354 2448 477 2489 enim
510 2452 580 2490 est
603 2450 654 2499 Β,
688 2451 872 2501 transp.
896 2450 984 2493 AC
1084 2451 1138 2493 Et
1168 2454 1217 2494 in
1251 2464 1346 2494 ras.
1374 2452 1412 2495 C
1423 2446 1439 2471 ²
1544 2452 1598 2493 13
1632 2453 1747 2507 erig«)

51 2499 191 2553 (corr.
208 2516 266 2547 m.
282 2503 328 2557 3)
353 2507 392 2547 Ρ
464 2507 595 2549 Ut-
611 2510 782 2549 animal
800 2506 897 2560 (15)
922 2521 1013 2552 om.
1029 2512 1065 2552 A
1155 2511 1209 2552 14
1243 2509 1448 2561 quidem]
1484 2512 1612 2562 quod
1634 2512 1672 2552 Β

55 2562 108 2603 15
144 2565 202 2605 sit
235 2575 325 2608 om.
349 2566 388 2607 Β
449 2568 616 2609 anima.
646 2572 743 2609 turn
768 2568 803 2609 A
915 2569 969 2610 16
1002 2572 1156 2611 anima
1181 2575 1251 2613 est
1276 2582 1399 2621 corp.
1426 2569 1537 2621 (hoc
1560 2569 1685 2623 ord.)
1712 2572 1750 2615 C

53 2624 207 2663 anima
237 2634 341 2667 esse
373 2637 539 2677 corpus
562 2627 601 2668 Β
685 2626 794 2677 Sed]
830 2628 878 2669 Si
900 2629 935 2670 A
1022 2641 1128 2671 esse
1151 2631 1190 2670 B
1321 2631 1501 2671 17—18
1534 2634 1580 2673 et
1609 2641 1744 2682 sepa-

53 2682 220 2723 rabitur
249 2694 339 2725 om.
363 2685 401 2725 Β
538 2686 592 2727 19
631 2691 702 2729 est
732 2688 883 2729 delevi
974 2687 1118 2739 quod]
1153 2689 1274 2736 Quia
1303 2690 1339 2731 A
1477 2690 1534 2731 22
1566 2694 1744 2733 contra-

52 2741 213 2783 dicens
244 2743 367 2784 enim
399 2747 564 2786 socrati
588 2740 698 2789 1³²0
733 2748 1055 2790 contradicens
1086 2750 1252 2790 socrati
1276 2743 1373 2791 P¹A
1414 2761 1552 2800 quam
1585 2750 1746 2794 dicens

51 2801 175 2842 enim
207 2806 431 2845 socratem
461 2804 501 2846 Β
597 2805 654 2847 23
693 2807 805 2848 imit.
833 2810 948 2859 post
978 2808 1119 2850 harm.
1149 2819 1262 2859 pon.
1285 2809 1321 2850 A
1427 2809 1483 2850 24
1521 2811 1637 2862 post
1667 2822 1744 2854 ex-

52 2861 465 2972 ῗὲιέθιιιᾱυῐη2ἷιαρα.
496 2867 566 2905 est
596 2865 630 2905 A
694 2863 972 2916 solutione(s
1003 2869 1157 2919 suppl.
1190 2879 1248 2909 m.
1265 2866 1309 2919 2)
1342 2869 1381 2909 Ρ
1501 2867 1558 2910 26
1590 2869 1745 2923 habeo

161 2931 185 2961 e
207 2951 216 2962 .
242 2932 301 2962 m.
