1982 3172
101 724 213 764 ·28

155 1021 212 1062 29

155 1690 211 1732 30

245 136 315 188 68
611 129 869 177 NEMESII
903 129 1218 177 PREMNON
1251 129 1575 178 PHYSICON

247 267 343 317 sed
370 274 681 331 permutata
711 269 764 316 in
796 270 1109 330 separantia
1140 268 1315 325 illam;
1346 270 1650 332 iterumque
1680 267 1924 320 conferta

246 342 299 391 in
340 355 398 393 se
440 342 619 405 ipsam
661 341 879 400 residet,
923 341 1070 405 quod
1113 348 1344 405 apparet
1383 344 1438 392 in
1476 357 1635 406 aqua.
1687 342 1743 394 Si
1780 345 1923 395 enim

243 417 298 465 in
335 429 536 479 aquam
576 415 850 466 modicam
891 422 1090 466 terram
1130 417 1352 467 mittens
1390 419 1645 476 moveriS‚
1684 417 1923 468 resolve-

243 491 409 541 turin
443 503 645 554 aquam
677 496 834 548 terra,
869 504 990 540 cum
1023 503 1154 540 vero
1187 492 1511 553 pausaveris
1538 504 1783 550 movens,
1815 497 1923 543 sta·

245 566 449 615 tionem
477 565 778 627 accipiente
811 578 955 627 aqua
987 564 1203 615 residet.
1247 564 1366 615 Hoc
1395 565 1564 615 modo
1595 571 1648 616 et
1675 565 1744 616 de
1775 567 1923 616 omni
1971 581 1982 614 ε

246 644 389 689 terra
432 644 651 701 oportet
697 640 849 689 scire.
906 639 1029 691 Non
1075 646 1158 690 est
1202 645 1386 690 autem
1431 639 1535 689 hoc
1578 641 1923 701 permutatio,

246 713 343 764 sed
381 713 639 764 discretio
681 714 1118 765 commixtorum.
1169 713 1311 764 Dicit
1348 728 1482 764 vero
1521 714 1722 765 Plato
1761 715 1924 765 etiam

244 800 375 849 prae
405 788 657 838 acumine
692 788 835 850 ignis
869 787 1072 838 resolvi
1108 794 1323 846 terram,
1360 801 1499 851 quae
1533 786 1776 840 resoluta
1805 802 1922 838 mu-

247 868 392 914 tatur
425 863 479 912 in
518 863 700 925 ipsum
738 868 832 913 aut
870 863 924 912 in
961 863 1313 925 grossitatem
1351 864 1508 921 aeris
1545 861 1767 925 quando
1804 876 1926 913 eam

243 950 337 987 aer
381 935 713 994 dissolverit,
760 943 855 988 aut
899 937 952 986 in
999 951 1215 999 aquam,
1262 950 1382 986 cum
1429 937 1498 987 ab
1540 951 1686 999 aqua
1742 936 1923 988 soluta
1951 950 1982 986 ι(

244 1010 425 1062 fuerit.
554 1009 697 1062 Dicit
756 1024 974 1074 quoque
1032 1025 1129 1073 per
1187 1011 1354 1061 aliurn
1399 1010 1626 1061 modum
1670 1010 1924 1061 dividens

245 1084 680 1148 unumquodque
698 1084 1030 1136 elementum
1054 1091 1164 1136 tres
1187 1085 1480 1147 qualitates
1503 1085 1719 1143 habere,
1742 1085 1924 1148 ignem

245 1159 467 1222 quidem
502 1173 748 1218 acumen,
788 1159 1082 1216 raritatem,
1120 1166 1356 1216 motum;
1395 1159 1626 1209 alterum
1663 1172 1796 1209 vero
1833 1172 1924 1210 ex-

244 1239 477 1285 tremum
513 1233 926 1291 elementorum,
964 1233 1070 1284 hoc
1106 1239 1189 1284 est
1227 1239 1441 1291 terram,
1479 1233 1673 1282 harum
1712 1238 1923 1284 contra-

244 1309 353 1359 rias
393 1307 686 1371 qualitates
727 1307 945 1366 habere,
985 1307 1392 1365 hebetudinem,
1432 1306 1775 1366 densitatem,
1817 1312 1982 1358 sta-1!

244 1384 465 1441 tionem,
486 1388 546 1434 ut
574 1383 681 1433 sint
709 1381 1010 1432 secundum
1038 1382 1139 1431 has
1168 1381 1462 1444 qualitates
1488 1382 1761 1432 contraria
1781 1386 1924 1432 terra

242 1463 294 1508 et
326 1458 485 1520 ignis,
522 1456 671 1520 quod
704 1470 815 1507 non
851 1462 998 1507 esset
1033 1456 1334 1506 secundum
1369 1450 1834 1518 alias'qualitates
1867 1455 1922 1505 in

243 1532 631 1594 coniugatione
657 1531 970 1582 existentes
1021 1530 1212 1593 Accipi
1241 1536 1425 1580 autem
1457 1529 1526 1580 ab
1556 1530 1804 1592 utrisque
1831 1543 1922 1580 ex-

243 1606 431 1657 tremis
474 1605 768 1668 qualitates
828 1610 881 1655 et
939 1605 1017 1655 sic
1058 1604 1242 1654 media
1282 1603 1555 1654 elementa
1597 1603 1744 1654 facta
1783 1617 1921 1654 esse.

242 1680 601 1743 Accipiuntur
638 1680 782 1730 enim
825 1679 895 1728 ab
934 1679 1061 1742 igne
1103 1678 1246 1728 duae
1288 1677 1596 1740 qualitates,
1637 1678 1832 1728 raritas
1869 1682 1923 1727 et
1947 1691 1982 1726 2(

244 1761 444 1812 motus,
487 1760 541 1805 et
586 1767 696 1803 una
739 1768 772 1803 a
817 1759 961 1804 terra
1003 1752 1298 1810 hebetudo,
1341 1757 1396 1802 et
1439 1752 1787 1802 constituitur
1832 1764 1925 1801 aer

246 1829 538 1892 specificas
578 1828 788 1878 habens
833 1826 1142 1890 qualitateS,
1183 1825 1588 1883 hebetudinem,
1632 1826 1924 1882 raritatem,

247 1909 474 1954 motum.
507 1901 818 1965 Iterumque
848 1901 991 1951 duae
1020 1900 1312 1963 qualitates
1341 1900 1682 1962 accipiuntur
1709 1913 1743 1949 a
1769 1904 1925 1957 terra,

320 2069 338 2109 1
376 2069 682 2118 separantiam
707 2068 744 2108 Β
857 2067 883 2107 2
917 2064 1056 2116 enim]
1090 2077 1198 2108 vero
1224 2067 1258 2108 A
1376 2065 1401 2105 3
1435 2065 1661 2105 modicam
1694 2065 1926 2105 inmittens

240 2133 400 2169 terram
432 2129 470 2169 Β
501 2139 627 2178 exsp.
660 2131 821 2168 terram
855 2127 1084 2167 modicam
1118 2127 1302 2166 mittens
1334 2122 1400 2174 (h.
1426 2121 1489 2174 ο.)
1640 2123 1756 2164 3-4
1787 2123 1925 2164 resol-

239 2191 368 2229 vetur
407 2189 454 2228 in
494 2198 661 2237 aquam
694 2189 809 2227 terra
840 2198 927 2236 eyo
960 2186 1210 2226 resolvetur
1241 2186 1287 2224 in
1320 2195 1441 2234 aqua
1472 2187 1586 2224 terra
1617 2183 1657 2224 P
1693 2183 1928 2224 resolvitur

240 2250 287 2288 in
319 2258 487 2298 aquam
519 2249 635 2287 terra
665 2246 700 2286 A
735 2246 983 2287 resolvetur
1013 2249 1130 2285 terra
1161 2246 1208 2284 in
1240 2255 1407 2293 aquam
1438 2243 1476 2284 Β
1625 2242 1651 2281 4
1684 2253 1784 2282 cum
1817 2252 1926 2282 vero

240 2310 422 2358 transp.
447 2306 482 2347 A
575 2307 821 2347 stationem
851 2305 924 2346 Ho
950 2302 1058 2355 (39)
1091 2305 1290 2344 statione
1318 2302 1448 2344 PAB
1582 2302 1607 2341 5
1640 2305 1685 2342 et
1716 2312 1806 2342 om.
1830 2301 1865 2341 A

240 2367 266 2407 6
299 2368 415 2407 scire
447 2376 523 2415 op.
549 2364 656 2406 Non
688 2367 840 2406 autem
873 2367 943 2405 est
974 2365 1019 2405 h.
1046 2375 1087 2405 0.
1109 2375 1221 2414 pon.
1247 2363 1282 2404 A
1360 2362 1476 2403 haec
1499 2361 1583 2402 AB
1671 2360 1696 2400 7
1730 2360 1923 2409 permix-

238 2429 385 2466 torum
404 2426 442 2466 B
533 2425 561 2465 9
585 2426 632 2464 in
656 2425 806 2474 ipsum
833 2426 1027 2464 mutatur
1050 2421 1115 2474 (h.
1134 2419 1198 2472 ο.)
1222 2417 1375 2471 a1‘1(=
1393 2417 1564 2470 autem)
1588 2420 1635 2459 in
1652 2419 1687 2460 A
1761 2419 1924 2460 crossi-

238 2489 378 2526 tatem
402 2485 442 2526 P
471 2485 751 2525 crassitatem
776 2495 831 2525 ex
853 2484 1142 2533 grossitatem
1167 2493 1286 2523 corr.
1304 2474 1364 2522 Α2
1388 2481 1440 2520 ut
1463 2480 1556 2520 vid.
1651 2478 1797 2518 9—10
1821 2489 1923 2519 eam

239 2556 317 2585 aer
347 2547 529 2596 transp.
561 2544 597 2584 A
757 2542 810 2583 10
843 2542 1052 2583 dissolvit
1080 2542 1119 2583 B
1216 2542 1263 2581 in
1295 2551 1384 2580 om.
1415 2539 1451 2580 A
1550 2533 1738 2588 aqua(m
1769 2538 1924 2588 suppl.

239 2615 299 2644 m.
321 2601 367 2654 3)
399 2604 439 2644 P
560 2603 614 2643 13
647 2613 714 2644 ac.
748 2613 828 2643 rar.
861 2604 1043 2653 transp.
1076 2601 1111 2642 A
1237 2597 1409 2640 13-—14
1440 2600 1690 2638 extremum
1721 2597 1922 2638 elemen-

238 2659 402 2711 torum]
437 2665 737 2703 extremorum
769 2662 807 2702 Β
930 2661 984 2701 14
1017 2661 1177 2701 horum
1201 2659 1236 2700 A
1270 2657 1493 2699 contraria
1523 2656 1561 2697 B
1683 2656 1738 2696 15
1770 2656 1922 2696 hebet.

240 2733 294 2761 ex
326 2722 482 2768 habit„
515 2723 564 2762 in
593 2732 730 2773 prox.
763 2721 904 2761 hebit.
938 2731 993 2761 ex
1024 2719 1165 2760 habit.
1197 2729 1330 2767 corr„
1364 2718 1448 2757 cet.
1480 2716 1567 2757 loc.
1599 2727 1689 2756 scr.
1721 2715 1861 2756 nebit.
1886 2715 1921 2755 A

241 2780 381 2821 hebit.
414 2783 690 2822 constanter
719 2781 759 2822 Ρ
909 2779 964 2819 16
995 2778 1243 2819 contrarias
1273 2775 1354 2817 PA
1509 2775 1562 2815 17
1595 2778 1752 2815 essent
1781 2774 1863 2815 PA

243 2839 296 2879 18
328 2841 683 2890 coniugationes
714 2839 749 2880 A
904 2838 959 2878 19
990 2848 1096 2880 esse
1127 2848 1217 2878 om.
1248 2835 1284 2876 A
1443 2834 1495 2875 21
1531 2845 1559 2874 a
1591 2835 1638 2874 et
1667 2826 1735 2874 et*¹
1765 2843 1855 2874 om.
1886 2833 1921 2873 A

299 2897 355 2938 22
387 2898 664 2948 specificans
688 2899 723 2939 A
795 2900 910 2950 post
940 2897 1118 2937 habens
1150 2897 1196 2937 d.
1221 2897 1251 2937 i.
1275 2902 1316 2935 υ.
1339 2894 1461 2943 τρεῖς
1496 2890 1639 2942 μόνας
1758 2891 1815 2932 23
1847 2901 1921 2932 ac-

239 2958 464 3007 cipiantur
492 2957 573 2999 PA
874 2960 885 2969 ⁵
