1982 3172
235 130 334 179 118
596 123 852 168 NEMESII
887 123 1202 170 PREMNON
1235 123 1560 170 PHYSICON

170 268 196 308 4
227 258 618 317 voluntarium,
658 260 807 322 quod
850 260 1194 323 praeelectio.
1285 260 1394 312 Sed
1433 261 1700 326 numquid
1741 277 1909 326 appe-

226 333 359 385 titus
387 340 470 386 est
502 333 872 397 praeelectio?
913 333 1022 385 Sed
1053 348 1155 385 nec
1185 334 1292 385 hoc
1319 340 1417 386 est.
1457 335 1735 388 Dividitur
1761 337 1905 389 enim

227 409 508 472 appetitus
544 409 597 458 in
638 409 765 459 tria:
803 409 858 459 in
899 408 1234 473 desiderium
1272 414 1327 460 et
1364 409 1606 461 furorem
1641 416 1696 462 et
1730 412 1907 463 consi-

173 493 197 531 5
229 482 379 532 lium.
435 482 544 533 Sed
589 496 770 546 neque
813 483 968 534 furor
1013 489 1096 534 est
1141 497 1318 547 neque
1365 484 1698 536 desiderium
1753 499 1909 549 prae-

230 555 440 614 electio,
476 556 625 620 quod
663 556 1019 608 manifestum
1056 571 1125 608 ex
1161 558 1281 616 hoo,
1320 558 1469 621 quod
1504 572 1616 610 non
1648 564 1734 612 est
1765 573 1909 611 com-
1958 575 1979 610 5

230 631 471 682 munitas
509 631 825 682 hominibus
867 637 921 682 et
960 632 1370 683 irrationalibus
1413 633 1715 684 secundum
1755 647 1910 697 prae-

230 705 569 763 electionem,
605 706 702 756 sed
742 706 1044 757 secundum
1082 706 1416 758 desiderium
1452 712 1508 758 et
1543 707 1801 759 furorem.
1848 707 1911 759 Et

232 779 274 829 si
321 779 623 830 secundum
670 780 806 831 haec
864 781 1348 840 communicamus,
1410 782 1711 833 secundum
1757 796 1911 846 prae-

228 853 553 905 electionem
596 868 728 905 vero
776 855 1106 913 differimus,
1149 855 1520 913 manifestum,
1565 856 1714 919 quod
1759 856 1909 908 aliud

173 940 198 979 6
232 928 300 978 sit
331 928 660 992 praeelectio
697 935 748 980 et
783 929 934 979 aliud
971 929 1125 980 furor
1156 936 1212 980 et
1246 930 1595 981 desiderium.
1639 930 1911 982 Monstrat
1939 945 1979 982 ιο

230 1017 362 1053 vero
403 1003 553 1061 haee,
599 1004 689 1066 qui
733 1004 951 1054 retineri
995 1018 1104 1055 non
1146 1004 1309 1062 valet,
1354 1005 1502 1068 quod
1543 1005 1840 1056 retineatur
1878 1020 1910 1055 a

232 1076 507 1128 desiderio
542 1083 594 1128 et
631 1079 747 1141 agit
780 1078 899 1135 hoc,
938 1079 1034 1129 sed
1071 1093 1183 1130 non
1220 1070 1522 1130 secundum
1556 1079 1909 1142 praeelectio-

230 1165 371 1202 nem.
406 1151 696 1215 Repugnat
723 1153 866 1202 enim
895 1153 948 1202 in
977 1153 1099 1214 ipso
1130 1153 1457 1215 praeelectio
1485 1159 1537 1203 et
1561 1153 1909 1205 desiderium.

229 1225 340 1276 Sed
371 1226 416 1277 si
450 1226 596 1277 idem
630 1232 829 1285 essent,
862 1241 973 1278 non
1007 1233 1393 1290 repugnarent.
1436 1227 1501 1278 Et
1531 1228 1623 1291 qui
1652 1233 1909 1286 retentuS,

230 1306 314 1351 est
332 1314 505 1364 agens
530 1301 833 1352 secundum
859 1302 1332 1364 praeelectionem,
1356 1316 1467 1352 non
1493 1301 1795 1353 secundum
1819 1301 1911 1353 de·
1939 1315 1972 1351 ιε

174 1385 197 1424 7
232 1374 510 1426 siderium.
560 1375 723 1431 Quod
765 1382 949 1426 autem
987 1390 1089 1427 nec
1128 1376 1418 1427 consilium
1459 1377 1528 1427 sit
1567 1376 1910 1440 praeelectio,

232 1455 383 1513 patet
414 1449 557 1507 inde,
595 1450 743 1512 quod
778 1464 887 1500 non
926 1451 1197 1508 omnibus,
1235 1451 1433 1513 quibus
1469 1451 1725 1502 convenit
1756 1464 1911 1514 prae-

230 1525 434 1588 eligere
463 1525 548 1575 his
584 1526 875 1576 conveniat
909 1531 962 1575 et
997 1526 1288 1576 consiliari.
1335 1525 1580 1576 Dicimus
1611 1527 1754 1576 enim
1785 1540 1911 1578 con-

231 1598 417 1657 siliari,
448 1604 508 1649 ut
544 1599 614 1649 sit
648 1613 868 1656 sanum;
905 1598 1003 1649 sed
1039 1598 1376 1662 praeeligere
1413 1613 1606 1649 sanum
1637 1612 1762 1650 esse
1790 1598 1910 1650 nul·
1977 1664 1980 1666 ,

230 1672 316 1723 lus
356 1672 513 1723 dicet.
566 1672 630 1723 Et
670 1673 946 1723 consiliari
990 1673 1215 1723 divitem
1257 1687 1394 1731 esse,
1436 1673 1532 1723 sed
1571 1673 1908 1738 praeeligere
1934 1685 1977 1720 π·

172 1757 198 1797 8
232 1747 458 1798 divitem
489 1761 611 1798 esse
644 1761 754 1798 non
789 1747 1000 1798 dicitur.
1044 1746 1315 1811 AmpliuS,
1351 1747 1628 1798 consiliari
1657 1748 1825 1799 etiam
1853 1748 1938 1798 in.

230 1821 669 1884 impossibilibus
698 1822 935 1884 ponitur,
970 1821 1307 1885 praeeligere
1338 1826 1522 1872 autem
1556 1822 1611 1871 in
1644 1821 1779 1872 solis
1808 1821 1909 1879 his,

232 1910 372 1958 quae
398 1901 525 1946 sunt
554 1896 607 1946 in
635 1896 811 1946 nobiS.
853 1895 942 1946 Sic
969 1896 1113 1946 enim
1145 1895 1402 1946 dicimus:
1425 1895 1557 1947 volo
1582 1895 1908 1947 immortalis

231 1969 353 2021 fieri
384 1970 473 2020 vel
511 1970 765 2027 consulo;
802 1969 900 2021 sed
936 1970 1082 2033 eligo
1118 1969 1446 2021 immortalis
1482 1969 1603 2020 fieri
1635 1983 1746 2021 non
1778 1969 1908 2020 dici-

231 2058 369 2094 mus.
406 2043 709 2095 Consilium
738 2058 975 2107 namque
1005 2058 1194 2095 eorum
1225 2049 1322 2102 est,
1353 2058 1493 2106 quae
1519 2057 1715 2095 versus
1739 2043 1908 2095 finem
1935 2056 1972 2091 2·

232 2118 535 2169 secundum
563 2119 797 2169 eandem
834 2118 1263 2177 similitudinem,
1298 2132 1462 2181 quarn
1495 2118 1660 2169 habet
1693 2117 1909 2169 consul-

229 2199 343 2242 tum
373 2192 445 2243 ad
475 2193 594 2251 hoe,
627 2193 792 2258 quod]
809 2199 892 2244 est
923 2193 976 2242 in
1010 2192 1255 2243 consilio.
1296 2192 1620 2243 Consultum
1647 2192 1791 2242 enim
1823 2197 1906 2243 est

302 2355 329 2399 3
362 2353 429 2400 et¹
461 2371 549 2400 om.
582 2359 615 2399 A
702 2358 821 2399 furor
852 2362 923 2399 est
952 2359 990 2399 Β
1020 2359 1213 2400 furorem
1246 2358 1332 2400 PC
1361 2358 1481 2398 furor
1511 2356 1552 2396 A
1680 2357 1707 2397 6
1738 2356 1909 2398 irratio-

229 2418 459 2458 nabilibus
479 2417 559 2460 CB
679 2418 794 2458 6-7
823 2418 908 2459 sed
936 2420 1050 2468 post
1080 2417 1374 2468 irrat.p0n.A
1497 2415 1610 2456 7-8
1643 2415 1697 2455 Et
1715 2410 1907 2468 (enim)

228 2479 266 2517 si
291 2477 364 2518 Ηο
501 2477 527 2517 8
561 2477 649 2518 hoc
673 2476 759 2519 AC
892 2477 1008 2517 8—9
1042 2477 1209 2526 praeel.
1232 2487 1341 2518 vero
1375 2477 1555 2525 transp.
1578 2474 1614 2516 A
1757 2475 1812 2516 10
1843 2471 1911 2517 et¹
1964 2495 1966 2497 >

228 2549 317 2579 om.
335 2537 376 2578 D
447 2539 557 2578 ante
590 2538 734 2578 desid.
753 2538 863 2578 add.
882 2537 1056 2578 aliudA
1152 2536 1201 2576 11
1238 2536 1353 2577 haec
1378 2536 1455 2585 qui
1479 2535 1518 2575 Ρ
1547 2535 1636 2575 hoc
1661 2536 1786 2583 quod
1810 2536 1851 2577 D

229 2597 474 2638 retineatur
503 2590 562 2636 Ρ1
602 2597 649 2637 in
682 2608 830 2647 mary.
872 2597 919 2637 id
958 2600 1028 2638 est
1066 2599 1274 2638 teneatur
1309 2595 1383 2636 vel
1423 2596 1659 2643 superetur
1697 2604 1780 2636 seu
1810 2597 1908 2636 vin-

227 2658 353 2696 catur
382 2649 446 2696 Ρ8
621 2655 674 2696 13
711 2655 988 2706 Repugnant
1017 2656 1076 2705 B,
1120 2656 1179 2706 cf.
1213 2659 1346 2706 116,6
1517 2653 1571 2693 15
1608 2656 1723 2703 post
1752 2654 1908 2703 praeel

229 2716 339 2755 add.
372 2718 418 2755 et
447 2715 483 2755 A
609 2714 662 2755 16
696 2713 834 2761 Quod
864 2726 919 2756 ex
950 2714 1074 2762 Quid
1106 2714 1143 2757 C
1262 2713 1317 2755 19
1346 2713 1519 2754 nullum
1553 2710 1635 2754 CB
1754 2713 1810 2754 20
1842 2714 1909 2755 di-

227 2775 366 2815 vitem
399 2771 520 2822 esse]
556 2774 743 2824 dignum
777 2785 882 2815 esse
912 2774 987 2816 vel
1018 2774 1204 2815 divitem
1236 2773 1271 2814 A
1407 2771 1464 2812 24
1496 2771 1688 2812 consulo
1721 2783 1776 2814 ex
1806 2783 1908 2814 cum

228 2843 313 2873 suo
347 2844 465 2873 corr.
497 2826 557 2873 Ρ2
589 2835 643 2873 ut
672 2834 764 2874 vid.
866 2834 1025 2874 malim
1060 2827 1364 2887 <prae>eligo
1398 2827 1743 2882 (προαιροῦμαι)
1841 2831 1908 2873 di-

229 2892 342 2932 citur
371 2891 407 2932 A
530 2891 585 2931 25
615 2893 729 2941 post
758 2903 958 2942 namque
990 2893 1035 2933 d.
1060 2894 1089 2934 ι’.
1115 2905 1156 2934 υ.
1187 2891 1272 2932 τοῦ
1303 2888 1465 2931 τέλους
1496 2885 1628 2942 ἐςτίν,
1658 2888 1688 2941 ἡ
1722 2887 1774 2931 δὲ
1802 2900 1908 2942 προ-

229 2945 392 3001 aspect(
469 2962 623 2991 eorum
658 2955 728 2992 est
760 2951 942 3002 transp.
973 2952 1008 2992 A
1117 2951 1172 2992 27
1205 2951 1327 2992 enim
1358 2950 1431 2992 Ho
1464 2962 1568 2992 eum
1599 2949 1729 2993 PCB
1758 2950 1906 2994 om..A
