1982 3172
247 57 329 103 DE
364 55 610 103 UNIONE
643 54 898 102 ANIMAE
931 53 1008 100 ΕΤ
1042 52 1357 100 CORPORIS
1391 52 1615 98 CAP.111
1710 59 1779 109 55

0 259 4 261 ‚
90 210 185 259 per
222 200 397 247 totum
435 192 772 244 diffunditur
810 197 869 243 ut
904 190 1297 255 corruptibilia,
1336 203 1566 241 manens
1602 190 1778 241 incor-

91 275 250 334 rupta
286 275 340 320 et
379 267 674 320 inconfusa
713 273 766 318 et
805 280 1155 324 conservans,
1197 265 1347 329 quod
1389 279 1550 317 suum
1584 270 1684 323 est,
1723 270 1777 315 et

88 345 141 395 in
198 343 398 407 quibus
455 343 668 394 accedit
726 347 1046 405 permutans
1089 341 1211 404 ipsa
1256 340 1559 391 secundum
1603 340 1774 391 vitam

0 440 3 442 >
88 433 244 470 suam
279 424 333 470 et
369 430 479 470 non
519 422 861 481 permutatur
896 416 966 467 ab
1003 416 1156 479 ipsis.
1206 415 1346 466 Nam
1379 416 1520 466 sicut
1558 413 1641 466 sol
1675 429 1776 465 sua

42 504 64 538 5
87 493 399 557 praesentia
430 507 611 543 aerem
646 493 697 542 in
731 491 908 542 lucem
942 495 1218 554 permutat
1251 490 1461 541 faciens
1492 503 1618 540 eum
1644 488 1777 539 luci·

87 568 219 618 dum
260 573 315 619 et
357 567 542 618 unitur
584 567 697 618 aeri
741 566 834 617 lux
879 565 1170 617 inconfuse
1214 566 1262 616 ei
1302 564 1530 622 diffusa,
1575 564 1773 616 eodem

86 642 255 694 modo
284 648 338 693 et
367 643 553 692 anima
583 642 736 693 unita
766 641 982 704 corpori
1014 646 1202 691 manet
1230 640 1457 690 omnino
1482 638 1777 690 inconfusa

87 717 140 766 in
176 716 281 767 hoc
320 715 673 767 solummodo
712 715 941 771 distans,
981 714 1129 777 quod
1171 714 1253 764 sol
1293 727 1495 777 corpus
1530 713 1773 763 existens

87 791 318 854 locoque
349 791 792 854 circumscriptus
823 804 933 841 non
966 790 1036 840 sit
1064 789 1283 852 ubique,
1314 789 1408 839 ubi
1439 794 1492 840 et
1516 788 1610 839 lux
1641 789 1775 846 eius,

24 883 65 919 ιο
88 868 555 933 quemadmodum
593 871 645 915 et
682 865 840 927 ignis.
890 864 1077 915 Manet
1112 865 1257 914 enim
1296 864 1349 914 in
1386 863 1552 926 lignis
1588 869 1684 914 aut
1719 864 1773 913 in

86 939 307 991 lucerna
338 939 600 1003 alligatus
635 945 694 990 ut
726 939 782 989 in
816 939 955 990 loco.
999 938 1202 989 Anima
1234 944 1419 989 autem
1449 939 1776 1001 incorporea

83 1015 326 1066 existens
364 1019 418 1065 et
456 1029 566 1065 non
608 1014 1020 1077 circumscripta
1060 1013 1181 1064 loco
1224 1027 1320 1076 per
1360 1018 1536 1064 totum
1573 1026 1775 1075 corpus

85 1088 422 1140 diffunditur
450 1103 574 1140 cum
605 1088 724 1140 luce
757 1103 858 1139 sua
884 1094 940 1140 et
970 1103 1081 1139 non
1110 1094 1195 1139 est
1219 1102 1348 1151 pars
1379 1088 1627 1151 corporis
1654 1087 1776 1137 illu-

85 1164 292 1215 minata
319 1163 388 1214 ab
418 1164 556 1226 ipsa,
588 1164 717 1226 quin
748 1163 822 1214 ibi
854 1164 924 1214 sit
952 1164 1152 1213 anima.
1188 1163 1386 1214 Unitur
1416 1163 1649 1226 corpori,
1676 1162 1775 1213 sed

21 1255 63 1290 15
85 1238 207 1302 ipsa
238 1243 386 1290 tenet
418 1252 634 1301 corpus,
667 1252 844 1301 neque
876 1238 931 1287 in
964 1252 1194 1300 corpore
1225 1243 1309 1289 est
1351 1243 1410 1289 ut
1442 1238 1497 1288 in
1524 1251 1658 1289 vase
1685 1237 1774 1289 vel

86 1319 247 1379 utrew
263 1312 361 1364 sed
404 1314 584 1376 magis
628 1327 830 1376 corpus
873 1314 927 1362 in
973 1313 1095 1375 ipsa
1138 1327 1248 1364 non
1288 1313 1556 1375 impedita
1599 1312 1774 1364 adest.

87 1387 210 1438 Non
240 1388 384 1438 enim
418 1393 671 1438 tenentur
702 1402 735 1437 a
766 1387 1090 1451 corporibus
1124 1387 1520 1451 intellegibilia,
1554 1387 1651 1439 sed
1679 1401 1776 1451 per

86 1468 261 1514 totum
302 1476 502 1525 corpus
544 1461 758 1514 diffusa
798 1468 852 1513 et
891 1462 1137 1513 radicata
1177 1468 1230 1514 et
1272 1463 1629 1526 procedentia
1662 1477 1774 1514 non

84 1542 210 1587 sunt
237 1537 383 1594 talia,
411 1542 470 1588 ut
498 1537 620 1587 loco
649 1536 922 1599 corporali
952 1539 1349 1588 contineantur.
1390 1537 1777 1601 Intellegibilia

16 1627 61 1662 20
82 1611 226 1662 enim
259 1612 551 1673 existentia
585 1611 638 1662 in
674 1611 809 1662 locis
843 1611 1295 1675 intellegibilibus
1331 1618 1473 1670 sunt,
1506 1618 1602 1663 aut
1628 1613 1773 1663 enim

84 1686 137 1735 in
175 1700 233 1736 se
270 1686 408 1750 ipsis
446 1692 542 1737 aut
579 1687 633 1736 in
674 1686 934 1738 subiectis
975 1686 1427 1751 intellegibilibus
1476 1692 1535 1738 ut
1573 1688 1773 1744 anima,

84 1774 223 1823 quae
258 1760 426 1812 modo
461 1761 634 1812 estin
669 1775 727 1812 se
763 1761 900 1824 ipsa,
938 1761 1161 1824 quando
1192 1762 1565 1820 ratiocinatur,
1601 1762 1772 1812 modo

83 1848 216 1885 vero
242 1835 295 1884 in
323 1834 617 1893 intellectu,
646 1835 870 1899 quando
897 1836 1181 1899 intellegit.
1221 1836 1358 1893 Cum
1388 1837 1554 1900 igitur
1575 1837 1628 1887 in
1658 1850 1774 1888 cor-

86 1923 218 1972 pore
257 1908 454 1960 dicitur
492 1923 630 1968 esse,
669 1925 778 1962 non
818 1916 878 1962 ut
917 1911 971 1961 in
1012 1910 1150 1969 loco,
1183 1911 1259 1962 ita
1299 1912 1351 1961 in
1389 1926 1620 1975 corpore
1655 1912 1772 1969 erit,

15 1998 59 2033 25
85 1983 182 2034 sed
205 1983 508 2035 secundum
531 1984 637 2035 hoc
659 1985 809 2048 quod
834 1986 1087 2037 coexistit
1109 1991 1163 2037 et
1187 1986 1335 2049 quod
1354 1987 1530 2044 adest,
1555 1992 1613 2037 ut
1635 1987 1773 2038 deus

85 2057 282 2110 dicitur
302 2071 425 2110 esse
448 2060 501 2109 in
525 2059 700 2111 nobis.
735 2059 946 2112 Etenim
971 2075 1067 2124 per
1089 2062 1507 2114 coexistentiam
1527 2067 1580 2113 et
1604 2077 1774 2126 quan-

85 2132 212 2183 dam
253 2132 663 2184 conclusionem
692 2139 758 2185 ‘et
798 2135 1221 2198 dispositionem
1262 2135 1421 2200 ligari
1465 2136 1699 2187 dicimus
1740 2151 1772 2186 a

84 2221 313 2270 corpore
337 2208 594 2266 animam,
621 2214 680 2259 ut
706 2208 940 2261 dicimus
965 2217 1270 2262 amatorem
1297 2210 1456 2274 ligari
1483 2211 1552 2261 ab
1572 2217 1772 2268 amata,

84 2295 194 2332 non
218 2282 577 2345 corporaliter
602 2297 779 2346 neque
804 2283 1064 2343 localiter,
1091 2285 1188 2336 sed
1216 2299 1312 2349 per
1338 2286 1771 2337 coexistentiam.

15 2370 60 2404 30
83 2355 247 2412 Quod
278 2357 422 2408 enim
455 2363 539 2408 est
573 2358 688 2407 sine
720 2360 1101 2421 magnitudine
1134 2366 1188 2411 et
1221 2361 1337 2411 sine
1364 2366 1578 2411 tumore
1611 2366 1663 2411 et
1692 2361 1770 2410 in-

1057 2464 1769 2471 ———.-—-.-—-.-——-.-.-.

161 2505 185 2545 2
217 2510 458 2547 conservat
489 2508 520 2548 A
676 2507 702 2547 4
735 2505 810 2557 ab]
846 2509 891 2548 in
924 2508 957 2549 A
1105 2510 1129 2549 5
1163 2509 1268 2549 facit
1300 2509 1332 2550 A
1482 2509 1506 2549 7
1540 2521 1613 2550 an.
1646 2510 1774 2550 unita

85 2567 266 2616 transp.
298 2565 331 2606 A
400 2619 417 2651 1
529 2567 556 2607 8
589 2564 780 2616 distans]
815 2568 1008 2609 dicimus
1041 2569 1073 2609 A
1265 2569 1291 2608 9
1324 2569 1522 2619 locoque
1554 2580 1643 2610 om.
1677 2569 1709 2609 A

228 2621 243 2650 ι

86 2651 181 2703 ubil
215 2665 246 2695 n
272 2666 362 2705 pro
396 2669 424 2698 u
456 2657 491 2698 A
656 2656 708 2697 14
741 2654 911 2706 anima]
953 2658 1015 2698 ibi
1048 2669 1189 2699 causa
1220 2658 1256 2698 Β
1426 2658 1477 2698 15
1510 2655 1600 2707 vel]
1642 2659 1688 2698 in
1721 2659 1769 2707 B,

85 2715 195 2765 sort.
226 2713 300 2755 vel
330 2714 377 2754 in
409 2713 518 2768 (By)
687 2717 739 2757 18
773 2717 945 2758 radiata
975 2716 1062 2766 Ho,
1095 2718 1209 2758 bene
1369 2717 1424 2758 20
1456 2715 1549 2767 aut]
1584 2729 1642 2758 an
1674 2718 1709 2760 A

86 2773 136 2814 21
174 2769 351 2822 (sub’ils
377 2772 452 2825 =)
484 2777 752 2817 substantiis
783 2776 817 2817 A
1003 2775 1058 2816 24
1095 2777 1182 2818 dic.
1210 2779 1323 2827 post
1363 2778 1422 2828 ig.
1455 2779 1503 2818 et
1540 2778 1622 2819 erit
1658 2779 1772 2829 post

86 2834 146 2873 ita
175 2845 286 2884 pon.
319 2832 354 2874 A
526 2834 580 2876 26
613 2839 658 2877 et
689 2848 778 2877 om.
812 2836 848 2876 Β
1021 2835 1076 2877 30
1109 2837 1210 2878 sine
1243 2837 1559 2887 magnitudine
1593 2840 1637 2878 et
1669 2838 1778 2879 sine-

86 2893 245 2935 timore
276 2892 314 2933 Β
344 2895 445 2937 sine
477 2897 651 2938 tumore
684 2899 729 2938 et
761 2896 1078 2947 magnitudine
1109 2895 1143 2937 A
1237 2896 1500 2938 indivisibll'
1533 2896 1567 2938 A

1815 418 1864 458 17

1815 1166 1865 1208 18

1813 1390 1865 1431 19

1811 1541 1864 1581 20

1809 1840 1855 1880 21

1807 2363 1860 2403 22
