1982 3172
87 116 175 164 AB
206 114 473 164 ALFANO
507 113 572 160 IN
606 112 898 160 LATINUM
931 110 1373 160 TRANSLATUM
1408 110 1548 159 CAP.
1574 111 1613 157 11
1662 118 1734 169 49

45 268 262 319 quoque
293 253 516 305 firmare
548 259 819 316 temptant
850 266 917 303 ex
949 253 1153 315 ignotis
1185 257 1238 302 et
1269 265 1378 302 non
1404 250 1731 301 manifestis

44 330 201 382 Unde
227 330 373 381 enim
401 329 621 386 habent,
650 328 801 391 quod
829 327 1134 379 secundum
1164 327 1589 390 dispositionem
1617 338 1734 375 mo-

43 410 275 456 veantur
304 402 604 454 animalia?
648 402 847 454 Melius
879 403 1047 465 igitur
1075 407 1161 453 est
1192 401 1373 452 dicere
1405 400 1734 452 convenien-
1772 404 1853 444 107

44 486 154 531 tem
188 479 483 541 unicuique
521 478 738 541 corpori
775 477 1043 540 adaptare
1078 477 1320 527 animam
1357 474 1603 538 nihilque
1638 475 1734 524 ha-

3 574 22 608 5
45 554 171 605 bere
203 553 507 605 secundum
540 553 965 616 dispositionem
998 551 1260 602 animalia
1290 550 1531 614 amplius
1563 563 1735 613 appa-

45 635 197 680 rente
239 630 295 680 in
339 628 601 691 operibus
645 641 837 679 eorum
879 626 1119 678 naturali
1166 625 1533 689 simplicitate.
1589 624 1735 676 Una-

47 717 297 766 quaeque
328 704 474 754 enim
508 703 720 766 species
753 701 1076 753 animalium
1110 701 1414 752 secundum
1450 701 1735 763 proprium

47 778 310 842 placitum
349 784 604 829 movetur
642 778 698 827 in
738 791 901 828 usum
941 782 996 828 et
1035 781 1234 835 actum,
1275 775 1347 826 ad
1383 789 1546 839 quem
1587 774 1736 826 facta

46 859 131 905 est
173 853 244 904 ab
288 853 444 904 initio
490 858 544 904 et
589 851 894 903 secundum
940 851 1078 902 haec
1122 851 1454 914 figmentum
1493 849 1736 901 habuere

8 946 27 982 o
50 940 368 990 congruum.
410 925 525 977 Nec
558 931 772 977 creator
803 925 1023 988 reliquit
1056 938 1122 976 ea
1155 926 1381 975 omnino
1415 924 1626 986 absque
1657 925 1736 973 iu-

47 1003 281 1061 vamine,
324 1001 423 1053 sed
466 1002 762 1064 unicuique
804 1000 1114 1052 naturalem
1157 1006 1212 1051 et
1253 1014 1366 1051 non
1410 998 1736 1050 rationalem

46 1076 246 1128 indidit
269 1076 536 1128 notitiam.
566 1075 913 1131 Quibusdam
938 1077 1086 1126 enim
1114 1076 1376 1126 astutiam
1405 1074 1605 1125 indidit
1646 1087 1737 1124 ve·

49 1151 129 1203 lut
163 1152 297 1203 artis
334 1152 632 1214 imaginem
669 1157 723 1202 et
759 1150 1011 1201 umbram
1050 1149 1456 1208 rationalitatis,
1494 1155 1553 1201 ut
1585 1162 1741 1212 prae-

51 1227 227 1277 sentia
262 1225 536 1277 declinent
572 1225 817 1288 pericula
851 1231 906 1276 et
940 1225 1130 1276 futura
1165 1230 1398 1276 caveant
1433 1231 1487 1275 et
1517 1230 1577 1275 ut
1613 1237 1740 1274 con-

14 1306 309 1363 sgregetur
341 1308 590 1352 creatura
622 1301 949 1358 adinvicem,
983 1307 1044 1351 ut
1074 1302 1185 1351 iam
1220 1300 1427 1351 dictum
1460 1305 1559 1351 est.
1599 1298 1743 1355 Quia
1780 1301 1862 1342 1⁰8

52 1389 184 1426 vero
218 1388 328 1426 non
362 1375 703 1427 rationaliter
737 1375 873 1426 haec
906 1375 1128 1433 faciant,
1165 1380 1331 1438 patet,
1366 1374 1517 1438 quod
1546 1388 1743 1424 unum-

53 1449 312 1513 quodque
369 1450 575 1500 animal
635 1450 940 1501 secundum
1002 1462 1159 1501 suam
1205 1450 1445 1513 speciem
1493 1448 1743 1501 similiter

53 1530 312 1588 operatur
340 1524 535 1575 eadem
565 1531 619 1576 et
648 1539 758 1575 non
788 1525 981 1576 differt
1010 1524 1319 1576 abinvicem
1349 1525 1404 1574 in
1428 1523 1743 1587 multiplici-

53 1604 163 1650 tate
197 1600 552 1662 operationis,
586 1601 692 1650 nisi
728 1599 871 1651 forte
906 1599 1212 1651 secundum
1247 1601 1429 1663 magis
1463 1605 1517 1650 et
1545 1600 1743 1657 minus,

0 1690 31 1724 ει)
53 1674 151 1725 sed
211 1675 396 1737 potius
455 1674 760 1725 secundum
805 1689 975 1725 unum
1020 1675 1284 1739 placitum
1330 1680 1447 1726 tota
1490 1680 1744 1725 movetur

54 1750 280 1812 species.
320 1747 514 1800 Omnis
544 1750 690 1800 enim
721 1749 880 1812 lepus
910 1751 1066 1801 timet
1096 1749 1347 1800 similiter
1375 1755 1429 1800 et
1453 1750 1634 1801 omnis
1665 1748 1759 1799 lu·-

55 1837 159 1885 pus
188 1823 438 1875 similiter
467 1824 760 1876 insidiatur
790 1830 843 1875 et
872 1826 1054 1876 omnis
1086 1825 1247 1875 simia
1277 1824 1530 1878 similiter
1552 1824 1746 1875 huma-

54 1910 157 1947 nos
198 1903 354 1948 actus
398 1899 657 1950 imitatur.
711 1897 876 1954 Quod
920 1913 1031 1949 non
1075 1905 1159 1950 est
1202 1899 1257 1948 in
1297 1898 1536 1949 homine.
1589 1897 1740 1948 Mille
1783 1901 1866 1941 ¹09

55 1985 291 2034 namque
317 1978 443 2023 sunt
473 1974 700 2025 semitae
728 1979 884 2024 actus
914 1974 1156 2032 humani,
1187 1974 1317 2037 quia
1344 1974 1577 2025 liberum
1609 1974 1739 2036 quid

2 2063 32 2096 ess
54 2052 108 2097 et
132 2058 266 2097 suae
291 2048 584 2110 potestatis
609 2053 692 2099 est
717 2048 1000 2100 rationale.
1037 2048 1197 2100 Unde
1222 2063 1333 2099 non
1353 2063 1498 2099 unus
1523 2054 1577 2100 et
1598 2048 1745 2098 idem

133 2241 150 2282 1
187 2253 376 2292 quoque
408 2254 497 2284 om.
530 2243 563 2283 A
777 2243 804 2284 3
837 2245 971 2294 ignur
1001 2248 1072 2287 est
1102 2247 1286 2295 transl).
1319 2244 1358 2285 Ρ
1478 2245 1644 2285 ducere
1675 2242 1748 2283 Ho

50 2304 247 2352 propter
269 2298 487 2353 ἡγεῖεθαι,
513 2304 598 2344 sed
619 2304 721 2343 sine
745 2314 906 2352 eausa,
931 2304 988 2355 cf.
1013 2309 1158 2353 42,12‚·
1184 2308 1326 2354 100,19
1464 2303 1579 2343 5—6
1612 2304 1749 2352 ampl.

55 2363 199 2402 natur.
231 2362 381 2411 simpl.
415 2363 462 2404 in
502 2374 628 2412 oper.
661 2373 755 2404 eor.
787 2374 944 2412 appar.
977 2360 1043 2414 (h.
1076 2362 1141 2414 ο.)
1172 2364 1207 2405 Α
1442 2363 1469 2403 6
1510 2374 1602 2404 una
1634 2373 1748 2412 quo-

56 2431 147 2469 que
177 2421 215 2461 B
246 2432 431 2471 unaque
462 2421 496 2463 A
666 2422 693 2462 8
726 2426 966 2463 moventur
995 2423 1029 2464 A
1199 2423 1226 2463 9
1259 2424 1348 2464 hoc
1379 2423 1463 2464 AB
1532 2422 1610 2473 fig.
1645 2422 1750 2462 hab.

57 2481 238 2531 transp.
270 2481 305 2521 A
432 2481 486 2521 10
519 2482 732 2531 relinquit
762 2481 797 2521 A
931 2482 984 2523 12
1018 2480 1245 2532 notItiam]
1280 2483 1444 2523 notitia
1476 2485 1681 2522 naturam
1713 2481 1749 2522 A

119 2538 172 2579 13
204 2541 556 2582 rationalitatum
580 2541 638 2588 A;
668 2543 783 2592 post
806 2542 966 2583 ration.
992 2543 1085 2584 cl.1·.
1103 2554 1144 2584 υ.
1170 2541 1301 2582 δυοῖν
1324 2539 1510 2581 τούτων
1536 2538 1693 2580 ἕνεκεν

60 2596 113 2636 14
146 2598 345 2641 declinet
374 2594 434 2641 Ρ1
465 2612 584 2643 corr.
616 2595 676 2642 1³³
709 2602 762 2641 ut
792 2602 885 2643 vid.
918 2602 1151 2643 declinant
1181 2602 1216 2643 A
1341 2604 1506 2643 cavent
1537 2601 1685 2642 futura
1716 2600 1749 2641 A

117 2650 184 2698 et²
215 2669 304 2700 om.
335 2659 374 2700 Β
557 2661 610 2701 15
644 2657 781 2708 Quia]
818 2659 956 2707 Quod
987 2661 1022 2702 A
1208 2662 1262 2702 16
1296 2661 1626 2702 rationabiliter
1656 2660 1694 2701 Β

59 2716 148 2758 hoc
178 2717 262 2759 AB
396 2719 514 2772 affec
546 2720 719 2762 iaciunt
750 2719 785 2760 A
972 2721 1024 2761 17
1058 2721 1229 2762 animal
1261 2733 1351 2762 om.
1384 2723 1430 2763 et
1461 2731 1591 2760 suam
1625 2731 1752 2781 spec,

57 2778 240 2829 transp.
271 2776 307 2818 A
383 2780 484 2821 sim.
512 2782 627 2831 post
657 2782 760 2822 ead.
789 2792 902 2830 pon.
934 2781 972 2821 Β
1096 2780 1149 2822 18
1181 2781 1440 2822 adinvicem
1474 2779 1516 2820 A
1637 2779 1752 2820 21-

57 2835 113 2876 22
145 2836 238 2886 lup.
271 2837 404 2879 simil.
436 2841 619 2891 transp.
650 2841 689 2881 Β
833 2840 890 2881 24
921 2843 1027 2881 sunt
1058 2841 1251 2882 semitae
1282 2842 1465 2892 transp.
1498 2840 1533 2880 A
1567 2843 1752 2881 senten-

57 2896 148 2936 tiae
177 2897 216 2938 Β
323 2898 435 2948 quid
465 2909 551 2949 eqo
584 2901 771 2950 quidem
804 2900 934 2941 ΡΑΒ
966 2900 1184 2951 quiddam
1218 2900 1292 2941 Ho
1477 2899 1532 2941 25
1566 2901 1678 2943 ante
1709 2903 1755 2944 et

58 2955 168 2997 add.
203 2960 274 2997 est
304 2956 388 2997 AB
447 2961 518 2999 est
548 2969 638 3000 om.
672 2959 713 3001 Ρ

147 3032 319 3069 Nemes.
346 3034 399 3068 ab
426 3034 582 3070 Aliano
607 3037 754 3072 transi.
782 3036 848 3072 ed.
869 3036 1089 3072 Burkhard
1457 3035 1481 3074 4
