1982 3172
518 78 601 125 DE
635 74 1090 124 PHANTASTICA
1125 73 1263 121 CAP.
1289 72 1374 119 XII
1720 78 1790 127 87

106 218 245 270 odor
268 231 336 268 ex
364 215 690 268 humoribus
720 215 774 265 in
807 212 1132 278 corporibus
1162 211 1371 275 optime
1401 208 1648 273 digestis.
1677 207 1789 259 Me-

107 293 230 344 dius
255 305 389 343 vero
422 290 488 342 fit
520 304 617 354 per
647 289 889 341 mediam
922 286 1363 350 dispositionem.
1406 283 1574 335 Nullo
1604 289 1789 334 autern

104 367 299 418 horum
337 365 507 417 modo
549 364 781 428 digestis
819 362 1064 414 efficitur
1103 360 1284 411 malus
1324 359 1479 411 odor.

570 541 686 608 DE
735 538 1330 609 ΡΗΑΝΤΑΞΤΙΟΑ
1818 615 1880 665 12

58 696 79 731 5
170 680 250 731 De
274 679 605 744 phantastici
632 678 800 742 igitur
825 678 1031 729 virtute
1055 681 1111 727 et
1138 675 1517 727 instrumentis
1546 679 1599 726 et
1624 674 1789 738 parti·
1828 686 1847 727 1

106 756 209 807 bus
271 755 620 819 partiumque
697 753 1090 805 communitate
1150 757 1207 803 et
1270 751 1590 802 differentia
1665 764 1790 801 con-

102 828 343 881 venienti
371 827 558 886 mod0,
593 832 653 878 ut
685 827 739 877 in
774 825 1035 877 brevibus
1071 824 1416 878 sufficienter
1450 824 1657 875 dictum
1690 828 1787 874 est.

104 903 262 955 Nunc
285 902 354 954 de
381 902 585 953 virtute
614 900 926 951 dinoscibili
959 899 1270 951 dicendum.
1312 898 1482 949 Cuius
1513 903 1640 949 sunt
1667 911 1789 962 spe·
1826 910 1850 950 2

103 978 212 1029 cies
234 975 562 1042 generaliter
593 975 851 1026 discretio
878 980 933 1025 et
963 974 1275 1038 dispositio,
1307 972 1570 1036 placitum
1600 978 1653 1023 et
1679 972 1789 1023 dis-

38 1066 80 1102 ιο
101 1050 374 1116 plicitum;
406 1050 716 1114 specialiter
752 1055 936 1101 autem
971 1049 1169 1100 notitia
1202 1048 1558 1099 existentium
1594 1052 1648 1098 et
1683 1047 1789 1097 vir-

99 1131 261 1184 tutes,
294 1131 355 1177 ut
391 1125 615 1183 iustitia,
651 1130 704 1175 et
742 1124 1017 1180 scientiae,
1055 1129 1115 1174 ut
1150 1122 1527 1186 grammatica,
1563 1122 1788 1174 artium-

100 1213 204 1263 que
228 1200 486 1258 rationeS,
515 1205 576 1251 ut
603 1199 1043 1261 architectonica,
1066 1207 1120 1253 et
1141 1197 1432 1248 consilium
1460 1203 1515 1248 et
1541 1210 1788 1261 praeme-

102 1274 312 1326 ditatio.
357 1273 534 1325 Huius
569 1287 703 1324 vero
739 1274 958 1338 generis
994 1278 1079 1324 est
1113 1278 1169 1324 et
1205 1273 1259 1323 in
1295 1273 1505 1323 somnis
1538 1271 1787 1322 animad-

101 1349 282 1399 versio
315 1348 644 1407 futurorum,
682 1362 847 1412 quam
884 1347 1060 1399 solam
1096 1361 1350 1399 veracem
1388 1346 1786 1398 divinationem

36 1436 79 1472 15
101 1423 558 1488 Pythagorici
618 1423 807 1474 dicunt
849 1436 975 1474 esse⁴
1016 1422 1376 1473 Hebraeos
1421 1422 1476 1472 in
1520 1421 1627 1472 hoc
1668 1421 1787 1472 imi-

100 1503 294 1549 tantes.
345 1497 523 1548 Huius
565 1511 699 1548 vero
742 1498 1166 1565 instrumentum
1210 1501 1295 1548 est
1335 1496 1554 1547 medius
1596 1502 1787 1547 venter
1821 1507 1848 1549 3

101 1571 302 1622 cerebri
338 1578 391 1622 et
429 1572 683 1622 animalis
722 1573 964 1635 spiritus,
1004 1572 1095 1635 qui
1133 1578 1217 1623 est
1253 1571 1308 1622 in
1343 1572 1482 1634 ipso.

656 1748 773 1816 DE
822 1748 1236 1817 MEMORIA
1815 1825 1878 1874 13

167 1884 486 1937 Memoriale
538 1900 669 1938 vero
723 1892 807 1937 est
861 1886 1160 1938 memoriae
1214 1891 1269 1938 et
1308 1887 1786 1938 rememorationis
1826 1896 1843 1936 1

35 1971 80 2007 zo
103 1958 322 2010 causale
350 1965 406 2010 et
443 1958 796 2010 domicilium.
841 1959 937 2012 Est
970 1966 1156 2011 autem
1190 1960 1459 2012 memoria
1494 1960 1789 2024 phantasia

103 2034 345 2097 reposita
372 2033 441 2084 ab
474 2033 660 2098 aliqua
691 2033 1054 2087 sensibilitate
1085 2040 1211 2086 actu
1243 2040 1563 2098 apparente,
1597 2048 1788 2086 secun-

103 2106 233 2158 dum
289 2107 652 2159 Platonem
710 2122 843 2160 vero
887 2109 1235 2160 conservatio
1277 2114 1363 2160 est
1407 2108 1787 2160 sensibilitatis

100 2182 342 2234 notitiae.
396 2182 598 2233 Anima
642 2196 879 2247 namque
924 2184 1208 2235 sensibilia
1254 2197 1351 2247 per
1397 2198 1594 2235 sensus
1640 2198 1786 2235 com-
1824 2194 1848 2233 2

101 2256 403 2319 prehendit.
428 2257 812 2320 Intellegibilia
837 2272 970 2310 vero
1001 2273 1098 2321 per
1126 2259 1463 2311 intellectum
1492 2265 1546 2310 et
1570 2259 1784 2323 figuras

175 2377 195 2418 1
231 2378 278 2418 in
311 2379 580 2428 corporibus
613 2376 804 2429 optime]
838 2380 959 2421 bene
983 2379 1018 2421 A
1124 2380 1150 2420 2
1183 2380 1319 2420 nullis
1344 2380 1378 2421 A
1487 2379 1603 2420 2-3
1637 2383 1789 2422 autem

101 2436 259 2477 horum
292 2439 475 2489 transp.
507 2438 548 2479 Ρ
667 2437 694 2478 4
725 2438 797 2481 De
828 2438 1070 2481 fantastica
1102 2440 1141 2481 Ρ
1179 2439 1287 2480 **35
1318 2441 1415 2490 fere
1446 2440 1538 2480 litt.
1570 2439 1606 2480 A
1643 2444 1667 2480 7
1695 2440 1791 2490 sere

101 2496 191 2536 litt.
215 2496 253 2537 Β
351 2498 378 2537 5
410 2497 653 2538 fantastica
676 2497 714 2538 Β
813 2498 927 2539 6-7
961 2500 1269 2540 conveniente
1293 2499 1328 2540 A
1434 2499 1458 2539 7
1487 2498 1789 2540 sufficienter-

101 2565 192 2604 que
223 2555 259 2596 A
381 2556 408 2597 9
439 2560 485 2598 et
517 2559 765 2608 utrumque
796 2569 886 2598 om.
918 2558 955 2598 Β
1094 2558 1147 2598 12
1180 2569 1271 2608 que
1303 2570 1393 2599 om.
1425 2558 1460 2599 A
1599 2558 1651 2599 15
1684 2570 1790 2601 esse

100 2625 190 2655 om.
222 2613 259 2655 Β
411 2615 464 2657 18
496 2616 567 2658 De
601 2618 821 2658 memoria
852 2617 891 2658 P
929 2617 1010 2658 ”9
1041 2619 1137 2668 fere
1168 2619 1259 2658 litt.
1291 2617 1374 2659 AB
1529 2617 1582 2658 19
1615 2630 1788 2660 memo-

100 2674 287 2741 rationis
316 2674 355 2715 B
496 2675 552 2716 20
581 2679 696 2728 post
727 2678 947 2718 memoria
978 2678 1022 2718 d.
1055 2679 1085 2718 i.
1118 2689 1159 2719 υ.
1193 2673 1257 2716 ὼε
1290 2674 1372 2726 μὲν
1407 2672 1642 2729 Ὠριγένηε
1674 2674 1788 2730 (pro

114 2727 432 2786 Αριετοτέληε)
465 2730 604 2785 φηείν
726 2735 782 2776 22
814 2734 926 2777 Plat.
950 2746 1060 2777 vero
1093 2738 1278 2789 transp.
1302 2736 1337 2778 A
1462 2736 1518 2778 23
1550 2738 1789 2779 sensibilia

96 2794 209 2842 post
236 2802 399 2834 sensus
428 2805 540 2845 pon.
563 2795 600 2837 A
671 2792 767 2846 per]
801 2794 875 2837 vel
899 2795 936 2836 Β
1028 2795 1203 2836 23-24
1232 2799 1347 2848 post
1376 2798 1610 2848 compreh.
1635 2798 1681 2840 d.
1699 2799 1729 2839 ἱ.
1746 2810 1787 2839 υ.

99 2848 172 2948 {gi
202 2846 376 2899 γίνεται
408 2849 532 2905 δόξα,
561 2857 675 2906 post
706 2854 985 2897 intellectum
1018 2857 1047 2896 ι’.
1081 2867 1121 2898 υ,
1155 2853 1229 2895 καὶ
1259 2851 1432 2906 γίνεται
1464 2853 1638 2908 νόηειε·
1668 2852 1788 2898 ’ὅταν

157 2920 183 2949 ν
