1982 3172
242 112 312 164 52
607 106 865 155 NEMESII
898 106 1214 155 PREMNON
1246 106 1571 177 PHYSICON

174 360 205 410 3
330 286 447 354 DE
495 286 817 355 UNIONE
865 286 1192 354 ΑΝΙΜΑΕ
1242 287 1346 354 ET
1397 288 1832 358 CORPORIS

184 433 201 472 1
306 422 695 479 Quaerendum
739 428 940 482 autem,
987 423 1269 486 quomodo
1315 425 1530 475 animae
1574 431 1627 477 et
1673 428 1919 490 corporis

239 498 524 550 inanimati
585 497 687 548 fiat
731 499 879 548 unio.
938 497 1200 548 Difficilis
1243 499 1389 549 enim
1436 513 1523 550 res
1569 505 1666 551 est.
1717 499 1826 560 Sed
1873 503 1917 551 si

237 573 434 623 iterum
466 585 577 622 non
612 572 791 622 solum
824 585 893 623 ex
925 572 1025 631 his,
1061 572 1159 624 sed
1192 574 1357 624 etiam
1385 586 1453 623 ex
1487 577 1760 628 intellectu
1794 593 1920 629 con-

237 647 380 697 sistit
410 646 594 705 homo‚
625 653 686 698 ut
720 646 944 710 quidam
978 646 1247 706 dixerunt,
1280 649 1459 711 magis
1490 649 1592 700 erit
1618 648 1917 700 difficilior.
1963 667 1982 701 5

94 732 99 735 *
179 731 204 771 2
236 719 436 771 Omnia
454 722 601 771 enim
626 722 1009 772 convenientia
1031 723 1085 771 in
1108 723 1455 773 existentiam
1477 723 1642 774 unius
1665 723 1918 774 substan-

236 796 343 846 tiae
377 796 601 846 omnino
634 797 911 847 uniuntur.
957 795 1157 846 Omnia
1186 810 1319 847 vero
1353 798 1506 848 unita
1538 803 1918 860 permutantur

234 876 287 921 et
317 883 427 921 non
459 876 696 929 manent,
730 885 869 934 quae
900 872 1052 934 prius
1084 878 1252 930 erant,
1284 877 1344 922 ut
1366 872 1422 922 in
1453 871 1738 923 elementis
1764 873 1917 923 vide-

176 954 201 994 3
234 950 334 994 tur.
383 944 520 995 Cum
556 946 702 995 enim
740 946 1018 1005 uniuntur,
1055 945 1207 996 aliud
1247 945 1378 1008 quid
1419 945 1574 997 fiunt.
1618 945 1913 1002 Quomodo

233 1019 400 1082 igitur
426 1018 515 1070 vel
547 1033 748 1082 corpus
778 1020 992 1071 unitum
1020 1020 1237 1071 animae
1266 1027 1451 1071 manet
1479 1022 1675 1071 iterum
1699 1035 1914 1084 corpuS‚
1942 1036 1982 1071 ιο

233 1093 322 1144 vel
355 1093 637 1156 quomodo
671 1095 855 1144 anima
889 1095 1213 1157 incorporea
1245 1096 1486 1146 existens
1520 1101 1574 1146 et
1607 1095 1914 1146 substantia

235 1181 331 1230 per
361 1182 419 1218 se
447 1169 634 1219 unitur
664 1169 881 1232 corpori
910 1175 964 1220 et
994 1183 1122 1231 pars
1153 1168 1219 1220 fit
1241 1168 1495 1220 animalis
1525 1170 1764 1220 retinens
1791 1183 1915 1232 pro-

175 1251 200 1291 4
234 1244 409 1305 priam
437 1244 734 1294 essentiam
765 1243 1114 1294 inconfusam
1144 1249 1198 1294 et
1226 1244 1638 1307 incorruptam?
1678 1243 1915 1298 Necesse

231 1323 315 1368 est
348 1318 492 1367 enim
527 1324 622 1369 aut
654 1319 797 1368 uniri
830 1319 1070 1368 animam
1105 1323 1159 1369 et
1193 1331 1394 1381 corpus
1421 1323 1474 1369 et
1508 1319 1830 1369 commutari
1861 1324 1913 1369 et

234 1397 502 1458 corrumpi
541 1401 769 1459 utraque
806 1401 864 1446 ut
901 1395 1194 1454 elementa,
1235 1401 1327 1446 aut
1368 1410 1479 1446 non
1519 1396 1657 1446 uniri
1698 1400 1914 1458 propter
1939 1407 1980 1441 15

231 1465 542 1528 praedictas
583 1467 1071 1525 inconvenientiaS,
1113 1466 1365 1517 adiacere
1408 1472 1591 1517 autem
1633 1471 1693 1518 ut
1736 1467 1912 1530 regio-

230 1540 383 1591 nales
414 1542 469 1591 in
500 1542 724 1604 regione
756 1547 851 1592 aut
881 1541 1250 1591 mensurabile
1281 1542 1335 1590 in
1367 1555 1639 1599 mensura,
1663 1540 1752 1591 vel
1785 1554 1910 1591 con-

170 1625 195 1663 5
229 1613 388 1664 fundi
411 1620 472 1665 ut
501 1615 690 1665 vinum
720 1621 772 1665 et
802 1628 960 1677 aqua.
1002 1613 1110 1665 Sed
1141 1614 1288 1677 quod
1314 1627 1423 1664 non
1451 1615 1626 1676 possit
1655 1613 1906 1664 adiacere

229 1690 445 1752 corpori
479 1690 678 1747 anima,
713 1691 768 1739 in
805 1703 1056 1740 sermone
1093 1689 1160 1739 de
1196 1690 1380 1739 anima
1414 1694 1779 1740 monstratum
1809 1694 1907 1739 est.

227 1763 384 1815 Esset
439 1765 584 1815 enim
642 1763 995 1815 solummodo
1053 1763 1147 1814 illa
1190 1778 1317 1826 pars
1361 1764 1607 1826 corporis
1649 1763 1976 1821 animata,2o

227 1851 368 1901 quae
398 1839 734 1901 proximaret
765 1839 995 1896 animae,
1028 1852 1167 1900 quae
1196 1851 1328 1888 vero
1359 1852 1469 1888 non
1500 1837 1906 1900 adiungeretur,

224 1918 371 1964 esset
401 1913 716 1964 inanimata.
761 1912 957 1975 Sicque
990 1912 1069 1971 fit,
1101 1918 1160 1963 ut
1190 1926 1302 1963 non
1335 1913 1513 1974 possit
1539 1911 1644 1962 dici
1676 1925 1798 1962 esse
1824 1925 1904 1969 ea,

226 2000 366 2049 quae
399 1987 702 2038 secundum
734 1988 1158 2050 appositionem,
1192 1992 1252 2037 ut
1283 1985 1433 2050 ligna
1464 1985 1552 2037 vel
1585 1985 1790 2037 ferrum
1815 1985 1903 2036 vel

302 2107 320 2146 1
357 2107 428 2147 De
467 2108 641 2148 unione
680 2108 862 2148 animae
902 2111 948 2148 et
986 2108 1188 2157 corporis
1220 2107 1259 2147 P
1296 2106 1410 2147 *⁴²14
1441 2107 1536 2157 fere
1568 2107 1658 2146 litt.
1690 2106 1726 2146 A
1757 2109 1782 2145 4
1813 2106 1909 2156 fere

222 2167 312 2207 litt.
337 2167 400 2215 Β,·
432 2168 479 2207 ἰη
514 2169 711 2218 utroque
742 2168 844 2207 cod.
877 2169 923 2207 et
953 2167 1030 2207 hic
1061 2168 1107 2207 et
1138 2167 1298 2207 multis
1330 2167 1440 2207 aliis
1471 2167 1556 2206 loc.
1581 2166 1788 2215 spatium
1809 2165 1906 2215 pri-

222 2238 326 2267 mae
363 2227 454 2267 litt.
488 2227 614 2267 vocis
655 2227 1005 2277 inscrtptionem
1046 2227 1284 2277 sequentis
1317 2237 1346 2266 a
1378 2226 1575 2266 librario
1607 2234 1802 2264 vacuum
1835 2234 1907 2263 re—

221 2287 379 2326 lictum
417 2297 475 2326 m.
509 2286 610 2326 rub.
644 2297 736 2326 non
770 2287 995 2337 explevit:
1034 2296 1126 2336 quo
1167 2287 1270 2336 ipso
1310 2285 1493 2325 initium
1537 2284 1647 2324 ηουι·
1677 2293 1779 2332 cap.
1812 2293 1905 2323 non

222 2356 333 2386 raro
366 2346 668 2397 significatur
847 2344 874 2384 4
906 2346 1042 2385 etiam
1072 2347 1186 2395 post
1216 2345 1295 2384 int.
1324 2354 1436 2394 pon.
1469 2343 1508 2383 Ρ
1647 2341 1685 2381 δ’
1706 2342 1906 2381 existen-

220 2405 284 2444 tia
314 2405 398 2446 AB
519 2405 543 2444 7
575 2401 701 2453 vero]
736 2405 858 2445 enim
891 2404 925 2444 A
1049 2403 1076 2443 9
1107 2404 1239 2444 fuerit
1270 2399 1394 2452 (fuit)
1426 2402 1460 2442 A
1593 2400 1646 2441 10
1676 2400 1750 2440 vel
1782 2409 1904 2449 corp.

222 2466 403 2514 transp.
436 2464 476 2505 P
563 2461 757 2512 unitum]
792 2464 974 2504 animae
1006 2464 1158 2503 unitur
1187 2462 1221 2503 A
1369 2460 1422 2501 14
1453 2457 1593 2509 enim]
1626 2463 1778 2500 autem
1810 2459 1845 2500 A

221 2517 288 2563 et²
319 2534 408 2564 om.
440 2524 475 2564 A
630 2522 683 2563 15
715 2526 956 2572 utrumque
986 2523 1023 2563 Β
1187 2521 1240 2561 16
1267 2522 1382 2571 post
1412 2519 1566 2570 praed.
1598 2520 1709 2559 add.
1742 2528 1905 2559 causas

221 2585 265 2622 et
296 2582 334 2622 Β
394 2583 653 2632 regionales
684 2583 724 2623 P
753 2582 972 2632 regional’
1006 2581 1089 2622 AB
1211 2580 1264 2620 17
1298 2579 1589 2620 mensurabil'
1620 2578 1655 2619 A
1718 2577 1791 2618 vel
1822 2577 1903 2618 ΡΑ

221 2645 297 2681 aut
327 2641 365 2682 B
576 2642 629 2682 18
662 2652 783 2691 aqua
812 2641 942 2682 ΡΑΒ
961 2638 1112 2691 (idem
1146 2640 1276 2691 apud
1304 2635 1394 2688 139)
1425 2648 1591 2687 aquam
1621 2636 1694 2677 Ho
1727 2647 1828 2678 cum
1860 2644 1904 2685 p,

219 2711 314 2751 qua
353 2702 678 2742 emendatione
709 2702 960 2751 interpres,
1000 2710 1093 2740 non
1126 2698 1351 2740 librarius
1382 2698 1648 2747 corriqitun
1691 2697 1748 2746 ef.
1779 2695 1904 2743 Indi-

220 2770 313 2799 cem
347 2761 394 2799 in
427 2771 537 2800 voce
571 2755 747 2801 ‘casus'
872 2759 982 2809 quid
1013 2759 1048 2800 A
1239 2757 1293 2796 19
1332 2767 1455 2806 corp.
1488 2767 1560 2796 an.
1594 2757 1775 2806 transp.
1808 2754 1843 2795 A

220 2817 276 2858 20
293 2819 340 2858 et
355 2818 411 2858 22
436 2821 559 2860 esset
574 2819 657 2860 PB
680 2820 762 2860 erit
782 2819 816 2860 A
947 2817 1002 2858 22
1034 2828 1138 2858 esse
1170 2828 1258 2857 om.
1276 2815 1310 2856 A
1373 2826 1475 2855 eam
1507 2815 1545 2856 B
1665 2813 1721 2854 23
1751 2814 1843 2854 (1.1.
1862 2824 1903 2854 υ.

219 2873 335 2926 φέρε
375 2871 518 2916 εἰπεῖν
546 2880 659 2928 post
696 2878 821 2927 ligna
861 2888 953 2917 non
987 2878 1126 2917 aliter
1158 2877 1299 2925 atque
1331 2875 1459 2925 apud
1491 2875 1572 2923 By,
1613 2875 1811 2914 ceterum
1846 2865 1902 2910 εἰ-

218 2936 319 2975 πεῖν
352 2948 439 2976 om.
465 2932 548 2975 ΠΒ
