1982 3172
715 648 986 716 INDEX
1033 647 1465 716 NOTARUM

248 786 288 828 O
315 801 370 819 =
397 796 654 828 consensus
687 786 892 826 omnium
925 785 1139 826 librorum
1175 796 1377 826 meorum
1411 783 1605 826 PACB.

246 846 292 886 M
317 860 373 879 =
399 855 657 887 consensus
690 845 926 886 meliorum
960 844 1092 886 PAC
1121 848 1279 886 contra
1310 844 1361 884 B.

247 906 286 945 D
311 920 368 938 =
394 915 651 946 consensus
682 904 897 945 librorum
930 903 1061 945 ACB
1092 909 1250 945 contra
1281 903 1331 943 Ρ.

246 965 284 1005 Ρ
307 981 362 994 =
387 964 537 1006 codex
567 963 800 1005 Parisinus
833 961 949 1013 (Lat.
970 961 1149 1014 15,078)
1226 963 1426 1003 numeris
1442 962 1462 1002 1
1484 963 1555 1003 vel
1580 962 1606 1004 2
1624 959 1696 1005 vel
1714 962 1740 1005 3
1767 963 1935 1005 additis

246 1025 280 1065 Α
307 1040 362 1054 ==
389 1024 538 1066 codex
568 1022 868 1064 Abrincensis
900 1019 1026 1072 (221)
1193 964 1371 1129 =prima
1406 1022 1479 1062 vel
1517 1022 1658 1062 altera
1690 1022 1767 1064 vel
1804 1025 1937 1065 tertia

250 1083 288 1124 C
297 1099 351 1114 =
367 1083 516 1125 codex
530 1081 832 1124 Cottonianus
850 1078 1019 1131 (Galba
1036 1081 1084 1122 E.
1099 1079 1178 1132 IV)
1229 1091 1390 1122 manus
1409 1081 1619 1122 codicum
1637 1081 1935 1133 significatur.

245 1143 283 1183 Β
306 1159 362 1174 --·
387 1142 536 1184 codex
566 1141 924 1192 Bambergensis
956 1138 1036 1190 (M.
1062 1140 1122 1181 IV
1148 1138 1239 1191 16).

245 1207 272 1251 t)
299 1219 352 1234 =
379 1203 480 1244 eius
511 1201 746 1251 exemplar
775 1200 1008 1252 Pragense
1042 1197 1094 1250 (L
1120 1197 1212 1250 94).

247 1275 304 1303 m.
330 1263 432 1303 rub.
458 1277 513 1293 ===
541 1271 705 1302 manus
735 1260 1024 1302 rubricatoris
1058 1262 1135 1310 qui
1168 1259 1332 1300 dicitur
1363 1260 1411 1300 in
1444 1260 1546 1301 cod.
1567 1259 1617 1302 C.

319 1335 390 1377 De
422 1336 551 1386 siglis
584 1335 794 1376 codicum
825 1333 1046 1381 Nemesii,
1081 1334 1437 1383 quos-adhibui,
1470 1333 1526 1375 cf.
1553 1333 1714 1376 Studia
1737 1334 1939 1378 Vindob.

247 1395 286 1435 X
318 1399 364 1436 et
393 1394 473 1442 X1;
516 1395 635 1436 adde

246 1450 293 1493 Π
318 1470 373 1485 -——-
400 1455 501 1495 cod.
527 1453 743 1494 PatmIac.
770 1453 855 1493 2G2
887 1464 1009 1494 saec,
1035 1453 1088 1494 X.

250 1509 282 1552 Β
308 1530 363 1544 --
390 1514 491 1555 cod.
516 1513 759 1554 Bodleian.
784 1512 917 1553 Auct.
944 1513 993 1553 E.
1020 1513 1060 1553 5.
1086 1512 1113 1552 4
1145 1522 1269 1554 saec.
1295 1511 1368 1552 XI.

247 1573 374 1614 Baeu
402 1589 456 1603 =
481 1572 751 1615 Baeumker.

246 1633 320 1673 Ho
345 1648 402 1663 =
427 1632 692 1683 Holzinger.

248 1692 356 1733 Arm
381 1708 436 1724 =
461 1690 724 1733 Armeniam
759 1692 1197 1743 interpretationem.

246 1753 315 1804 By
339 1768 394 1783 π
418 1751 774 1802 Burlgundionis
1423 1798 1426 1801 ,

248 1812 304 1852 El
327 1826 383 1844 =
409 1811 638 1852 Ellebodii
786 1750 1141 1916 }trans1ationes
1171 1810 1370 1851 Latinas.

254 1871 317 1912 Va
349 1887 404 1902 =
433 1870 582 1911 Valae

249 1942 285 1971 s.
312 1942 353 1971 υ.
379 1946 434 1961 =
459 1940 605 1979 supra
635 1940 830 1972 versum.

280 2064 289 2073 .
327 2003 377 2044 In
406 2007 558 2046 textu
599 2004 829 2044 inclinatis
860 2003 1018 2045 litteris
1051 2003 1334 2053 significavi,
1377 2013 1496 2052 quae
1535 2003 1796 2053 supplenda
1833 2014 1940 2046 esse

250 2063 482 2172 ξῗξέτὲυῐῖὲ
510 2123 642 2164 uncis
677 2119 724 2171 [1
759 2122 938 2170 inclusi,
971 2132 1094 2171 quae
1127 2131 1223 2162 non
1255 2122 1460 2172 genuina
1492 2121 1718 2168 existimo,

250 2182 451 2233 obliquis
486 2176 516 2234 <
535 2175 584 2235 >,
618 2192 739 2232 quae
771 2183 818 2222 in
851 2186 894 2233 p,
926 2192 1022 2222 non
1056 2181 1165 2222 item
1199 2182 1245 2221 in
1279 2179 1320 2221 O
1353 2181 1658 2222 inveniuntur.

322 2256 374 2297 In
398 2259 672 2306 apparatu
697 2256 898 2297 critico
923 2256 1054 2296 uncis
1078 2249 1107 2307 <
1132 2249 1162 2308 >
1181 2254 1478 2296 circumclusa
1498 2253 1581 2294 viri
1605 2253 1727 2295 docti
1751 2254 1939 2305 supple-

251 2319 429 2357 verunt.
484 2315 637 2366 Signis
674 2315 865 2356 aduncis
898 2314 1158 2364 duplicibus
1194 2309 1227 2330 ‘⁶
1258 2309 1290 2328 ’³
1325 2314 1479 2362 saepsi
1520 2313 1937 2363 interpretationem

251 2376 468 2422 locorum,
494 2385 612 2424 quos
636 2373 881 2416 Nemesius
906 2374 966 2414 ad
990 2374 1177 2414 verbum
1204 2383 1447 2422 expressos
1472 2371 1629 2419 adfert,
1653 2371 1939 2423 simplicibus

256 2429 267 2446 ‘
291 2429 322 2481 ²,
356 2445 474 2484 quos
509 2434 679 2474 maiore
711 2434 919 2475 libertate
950 2436 1124 2474 tractat.
1835 2456 1837 2458 -

251 2503 276 2530 »ε
290 2494 470 2534 stellula
482 2493 529 2534 in
542 2503 676 2533 versu
691 2493 842 2542 posita
854 2493 1103 2534 unallttera
1113 2492 1187 2534 vel
1203 2501 1306 2540 pars
1314 2490 1489 2532 litterae
1502 2499 1633 2532 erasa
1642 2490 1938 2540 significatur,

277 2553 298 2576 *
329 2563 467 2602 supra
496 2563 676 2593 versum
709 2553 890 2601 positae
921 2553 1119 2601 spatium
1151 2561 1345 2592 vacuum
1376 2549 1594 2596 relictum,

252 2605 290 2663 sl
309 2611 443 2659 duae,
471 2606 521 2664 sss
543 2615 632 2653 tres
663 2612 737 2652 vel
769 2612 920 2661 plures
951 2611 1128 2652 litterae
1158 2619 1318 2651 erasae
1349 2609 1620 2649 indicantur.

253 2664 283 2699 ss
307 2664 336 2696 ss
361 2674 468 2711 sunt
497 2671 631 2720 signa
662 2671 936 2712 inversionis
969 2681 996 2710 a
1027 2669 1218 2710 librariis
1249 2678 1387 2718 supra
1418 2668 1558 2709 verba
1590 2668 1756 2717 posita.

254 2724 258 2785 j
298 2728 404 2770 finis
435 2739 592 2772 versus
625 2730 799 2771 codicis
830 2730 1131 2781 significatur.
