1982 3172
743 108 1106 155 PRAEFATIO
1711 107 1774 153 lx

150 246 412 317 Ampliora
445 246 611 304 capita
643 245 818 303 spatiis
850 244 1027 289 vacuis
1063 243 1248 289 relictis
1289 244 1338 288 in
1353 245 1561 312 ‘parteS‚
1603 242 1775 289 omnia

77 306 301 354 numeris
325 306 391 351 ad
420 306 702 375 marginem
730 304 1030 351 exteriorem
1056 303 1321 360 adscriptis
1350 302 1402 348 in
1426 302 1775 360 paragraphos

78 365 242 420 divisi,
275 365 490 424 quales
477 379 529 410 m
555 364 818 411 codicibus
839 363 927 408 PC
948 363 1128 432 partim
1155 375 1185 408 a
1209 362 1421 408 librariis
1446 362 1569 420 ipsis
1593 361 1775 420 partim

77 437 108 472 a
134 425 500 472 recentioribus
533 424 768 475 manibus
801 424 957 470 modo
982 423 1201 481 saepiuS‚
1235 423 1391 468 modo
1415 422 1573 467 rarius
1605 433 1776 478 neque

78 497 172 532 eae
196 497 399 543 semper
431 484 535 530 suis
559 484 686 531 locis
718 483 879 542 signis
904 483 1210 541 quibusdam
1239 482 1614 528 adumbrantur.
1662 479 1776 532 Qua

77 545 128 592 in
160 556 214 591 re
246 543 474 590 Nemesii
507 543 789 590 orationem
820 545 1068 601 perpetuo
1101 542 1408 600 respexi..

151 604 320 651 Minus
345 603 675 662 comparandi
701 614 870 656 causa,
896 615 1049 660 quam
1074 604 1128 648 ut
1151 602 1309 648 verba
1335 601 1471 647 edita
1491 601 1774 659 probarem,

76 667 274 734 praeter
311 666 507 710 textum
541 662 793 710 Graecum
832 662 1271 720 interpretationes
1308 661 1511 707 Latinas
1536 660 1775 730 ‘Burgun

77 723 500 829 dionisthallae,
542 721 793 768 Ellebodii
827 724 876 767 et
907 722 1201 767 Armeniam
1238 722 1290 767 in
1322 720 1654 767 adnotatione
1687 720 1776 766 cri-

76 784 178 830 tica
210 795 240 828 a
315 783 419 829 ibui

152 842 206 889 In
250 842 515 888 indicem
547 842 817 887 verborum
859 842 1158 899 plerumque
1192 853 1279 887 eas
1310 842 1506 886 tantum
1537 851 1695 886 voces
1729 841 1778 885 et

81 901 365 949 locutiones
396 902 589 959 recepi,
632 913 765 959 quae
797 901 934 958 apud
967 903 1163 946 ceteros
1197 900 1466 958 scriptores
1498 911 1777 970 numquam

78 964 167 1008 aut
196 961 354 1008 rarius
381 973 644 1008 occurrere
667 961 812 1006 visae
844 963 973 1006 sunt.
1020 959 1133 1010 Qua
1158 962 1223 1006 de
1249 972 1404 1006 causa
1437 960 1522 1017 qui
1555 958 1777 1005 indicem

79 1020 552 1079 Holzingerianum‚
587 1032 739 1078 quem
771 1020 1094 1078 potissimum
1127 1020 1179 1066 in
1213 1020 1535 1090 disponenda
1568 1019 1778 1064 materia

78 1084 283 1127 secutus
324 1094 458 1134 sum,
503 1080 758 1139 inspiciet,
803 1080 946 1137 plura
989 1093 1017 1124 a
1059 1093 1141 1126 me
1182 1079 1372 1126 omissa
1412 1091 1565 1137 quam
1605 1078 1778 1124 addita

85 1153 199 1187 esse
230 1140 460 1198 reperiet.

154 1200 340 1252 Restat,
372 1203 427 1245 ut
518 1199 646 1246 atias
679 1212 830 1257 agam
854 1199 974 1245 viris
1001 1199 1163 1245 doctis
1196 1200 1331 1245 bene
1364 1200 1429 1244 de
1462 1211 1545 1244 me
1573 1197 1778 1250 meritiS,

80 1262 278 1317 praeter
311 1258 368 1306 G.
395 1259 446 1306 F.
459 1212 710 1305 {flamm
743 1261 792 1304 et
827 1258 859 1304 Ι.
886 1258 987 1304 Ste
997 1262 1159 1317 pp‚at
1201 1271 1330 1317 quos
1367 1271 1518 1316 supra
1557 1257 1778 1310 laudavi,

80 1319 349 1378 professori
375 1319 593 1376 Iosepho
619 1318 765 1364 Bick
786 1322 922 1364 caes,
948 1318 1291 1365 bibliothecae
1312 1319 1572 1364 Palatinae
1587 1317 1779 1363 Vindo-

80 1379 324 1425 bonensis
365 1379 585 1432 custodi,
626 1378 711 1436 qui
752 1378 874 1423 mihi
916 1379 966 1423 in
1006 1379 1156 1424 rebus
1196 1377 1639 1448 palaeographicis
1674 1389 1779 1422 non

84 1438 244 1485 semel
274 1438 537 1484 fluctuanti
568 1414 903 1484 libentissime
935 1438 1106 1491 adfuit,
1145 1438 1196 1484 in
1229 1438 1505 1496 primisque
1536 1436 1641 1489 tibi,
1674 1449 1779 1481 ma

82 1497 239 1556 gister
271 1497 550 1552 carissime,
592 1498 672 1544 cui
706 1498 897 1544 auctori
929 1510 989 1544 ac
1020 1498 1201 1544 fautori
1238 1498 1515 1544 litterarum
1551 1509 1779 1542 mearum

81 1557 180 1604 hoc
219 1558 522 1616 opusculum
564 1557 855 1604 dedicatum
895 1557 1049 1604 volui.
1112 1557 1314 1604 Deinde
1355 1557 1570 1626 gratiam
1610 1557 1779 1625 debeo

83 1616 255 1663 Franc.
277 1617 582 1663 Michalek
616 1620 665 1663 et
685 1617 821 1687 Aug.
838 1617 1197 1664 Werkmann
1231 1617 1445 1676 collegis
1469 1616 1659 1669 amicis,
1693 1615 1780 1685 qui

82 1677 134 1723 in
166 1676 387 1735 plagulis
413 1676 726 1736 corrigendis
757 1678 910 1723 variis
942 1677 1385 1724 observationibus
1418 1689 1502 1724 me
1525 1676 1678 1722 valde
1705 1675 1779 1721 iu-

82 1739 277 1782 verunt.
339 1731 576 1794 Denique
617 1736 1039 1783 bibliothecarum
1083 1737 1351 1795 praefectis
1394 1737 1534 1794 quod
1573 1735 1780 1782 codices

84 1795 207 1841 mihi
246 1798 333 1842 aut
372 1796 615 1842 adhibere
655 1799 741 1843 aut
778 1797 1114 1843 transmittere
1154 1799 1240 1842 aut
1279 1796 1401 1843 solis
1434 1808 1534 1854 ope
1567 1795 1780 1841 reddere

84 1855 310 1913 benigne
342 1856 688 1914 permiserunt.

159 1942 585 1999 vindobonae,
619 1957 797 1992 mense
829 1946 964 1992 Maio
999 1946 1128 1992 1914.

1082 2041 1343 2093 CARoqu
1375 2042 1704 2094 BURKHARD.

162 2286 281 2333 Post
302 2290 514 2334 mortem
535 2286 697 2334 Caroli
716 2287 993 2334 Burkhardi
1018 2290 1251 2348 plagulas
1274 2290 1466 2336 correxi
1486 2293 1535 2335 et
1559 2289 1780 2334 indicem

86 2347 352 2392 nominum
386 2347 564 2394 adieci.

163 2434 631 2490 Sondershusis‚
665 2450 709 2483 a.
735 2438 781 2482 d.
807 2437 937 2483 XVll
971 2438 1077 2484 Kal.
1103 2437 1305 2485 Octobr.
1334 2439 1463 2484 1916.

1053 2534 1380 2585 mezmcus
1412 2535 1705 2585 LAMMERT.
1764 2593 1765 2596 Ἴ
