1982 3172
169 349 224 389 42

170 646 225 686 43

124 1266 139 1278 ,,
172 1239 227 1279 44

258 133 327 183 34
623 124 879 171 NEMESII
913 122 1227 170 PREMNON
1261 122 1585 170 PHYSICON

259 263 371 312 Nec
408 262 550 326 lapis
590 275 721 324 ergo
761 275 861 312 nec
900 262 1049 325 ligna
1087 276 1187 311 nec
1224 261 1427 312 ferrum
1474 277 1573 312 nec
1612 263 1762 313 aliud
1799 264 1928 326 quid

257 337 615 387 inanimatum
666 337 779 386 erit.
847 335 1060 391 Quodsi
1113 349 1224 386 non
1279 337 1662 388 universaliter
1715 351 1932 388 omnem
1964 356 1965 361 ¹

257 412 432 461 crasin
465 411 710 473 corporis
743 410 940 460 dixerit
970 411 1210 460 animam
1240 423 1377 469 esse,
1409 410 1506 461 sed
1538 411 1832 474 quandam,
1855 413 1935 462 in-

258 484 600 547 quirendum,
659 498 798 546 quae
858 485 927 535 sit
984 484 1079 534 illa
1136 485 1320 543 erasis,
1380 499 1520 547 quae
1563 485 1694 537 facit
1730 486 1934 537 animal

256 559 472 609 animae
510 559 689 609 locum
731 559 955 609 habens,
1007 558 1422 622 Quamcumque
1461 574 1699 623 namque
1739 560 1936 612 dixerit
1979 574 1982 604 ε

259 634 450 691 erasm,
466 633 606 683 hanc
620 633 851 683 eandem
868 634 1212 684 inveniemus
1228 640 1280 684 et
1295 635 1348 683 in
1365 634 1696 685 inanimatis.
1722 634 1935 685 Novem

257 708 401 757 enim
424 707 786 758 existentibus
816 707 1076 766 crasibuS,
1104 713 1163 758 ut
1192 709 1425 771 ipsemet
1455 708 1522 759 de
1553 709 1692 759 crasi
1706 708 1937 771 loquens

260 781 615 839 demonstrat,
631 788 755 832 octo
773 782 994 844 quidem
1011 782 1395 844 inaequalibus
1409 788 1464 833 et
1480 797 1589 832 una
1603 783 1836 845 aequali,
1853 796 1936 833 se-

259 854 497 905 cundum
521 856 807 918 aequalem
838 855 1059 918 quidem
1089 855 1219 906 dicit
1248 862 1498 907 constare
1525 856 1828 914 hominem;
1857 870 1937 907 se·
1973 902 1975 906 .

259 929 498 979 cundum
525 930 663 979 alias
694 943 825 980 vero
857 930 1175 992 inaequales
1207 930 1315 979 alia
1346 930 1604 980 animalia
1635 931 1935 981 secundum
1961 938 1982 999 1

260 1004 497 1066 speciem
523 1017 644 1054 cum
671 1005 979 1054 intensione
1004 1010 1057 1055 et
1082 1005 1404 1054 remissione
1431 1005 1732 1055 secundum
1758 1006 1937 1068 magis

258 1083 311 1128 et
346 1079 541 1128 minus,
588 1077 696 1128 Sed
733 1079 1085 1129 inveniuntur
1118 1092 1318 1129 novem
1356 1093 1538 1130 crases
1573 1080 1737 1130 etiam
1768 1080 1822 1129 in
1857 1081 1936 1130 in-

259 1153 515 1203 animatis
546 1153 847 1203 secundum
878 1154 1057 1216 magis
1088 1159 1141 1204 et
1168 1154 1365 1211 minuS,
1396 1159 1455 1204 ut
1485 1154 1717 1216 ipsemet
1739 1155 1935 1204 iterum

259 1228 311 1275 in
331 1226 528 1289 hapliS,
553 1227 657 1277 hoc
671 1228 821 1278 estin
837 1226 976 1278 libro
994 1227 1339 1290 simplicium,
1368 1227 1780 1279 demonstravit.
1803 1228 1934 1278 Am-

261 1299 420 1362 pliuS,
451 1301 494 1350 si
529 1301 712 1350 anima
746 1301 914 1351 erasis
948 1307 1044 1358 est,
1080 1315 1201 1351 cum
1235 1314 1416 1351 crases
1447 1307 1824 1364 permutentur
1857 1312 1938 1352 se·
1961 1307 1981 1347 ι

260 1374 499 1424 cundum
524 1381 748 1433 aetates
774 1381 827 1426 et
851 1380 1102 1438 tempora
1127 1381 1179 1426 et
1205 1375 1416 1426 diaetas
1441 1381 1494 1426 et
1513 1377 1696 1426 anima
1721 1389 1937 1439 permu-

261 1449 477 1500 tabitur.
523 1448 631 1500 Sed
668 1450 713 1499 si
750 1449 1163 1512 permutabitur,
1198 1464 1308 1500 non
1344 1450 1576 1500 eandem
1611 1450 1936 1501 habebimus

207 1527 209 1529 ’
259 1524 498 1573 animam
552 1523 704 1574 velut
742 1530 795 1574 et
835 1524 1027 1582 crasin,
1067 1524 1162 1574 sed
1204 1524 1373 1582 modo
1412 1523 1602 1582 leonis,
1636 1524 1805 1575 modo
1844 1538 1936 1587 pe-

260 1598 416 1655 coriS,
453 1597 621 1647 modo
659 1611 792 1648 vero
833 1598 1058 1648 alterius
1099 1598 1402 1656 cuiuslibet,
1444 1599 1592 1661 quod
1628 1605 1712 1649 est
1746 1599 1932 1649 incon-

173 1683 227 1723 45
258 1672 499 1722 veniens,
536 1671 684 1730 Item,
715 1673 884 1723 erasis
913 1686 1023 1722 non
1055 1678 1326 1735 repugnat
1357 1672 1644 1722 desideriis
1671 1674 1931 1735 corporis,
1960 1687 1982 1726 ι

175 1831 230 1871 46

262 1745 359 1796 sed
398 1751 740 1809 cooperatur.
791 1746 916 1809 Ipsa
954 1747 1098 1796 enim
1136 1760 1201 1796 ea
1240 1752 1449 1803 movet;
1489 1746 1586 1797 sed
1619 1747 1803 1797 anima
1841 1760 1938 1810 op-

263 1826 487 1883 pugnat.
540 1819 664 1870 Non
706 1821 872 1883 igitur
913 1821 1082 1871 erasis
1123 1827 1205 1871 est
1246 1821 1444 1870 anima.
1497 1820 1645 1879 Item,
1681 1822 1727 1871 si
1768 1821 1938 1872 erasis

262 1900 344 1944 est
367 1895 564 1952 anima,
595 1908 715 1943 cum
745 1896 913 1944 orasis
945 1896 1014 1945 sit
1042 1895 1293 1956 qualitaS,
1323 1895 1558 1956 qualitas
1582 1908 1713 1945 vero
1729 1900 1782 1946 et
1795 1895 1940 1945 adsit

338 1999 356 2038 1
394 1999 567 2049 lignum
598 1999 682 2039 AB
712 2000 870 2049 lingua
903 1993 959 2040 C¹
992 2010 1110 2040 corr.
1146 1993 1203 2040 C²
1286 2000 1412 2049 quod
1446 1998 1483 2040 C
1608 1999 1635 2040 2
1667 2010 1763 2040 non
1793 2011 1940 2052 supra

261 2070 377 2099 vers,
409 2060 563 2109 suppl.
595 2053 657 2099 Ρ2
718 2069 855 2100 omne
889 2058 927 2099 C
1067 2058 1093 2098 3
1126 2059 1215 2099 dix.
1248 2069 1353 2100 esse
1385 2069 1458 2099 an.
1482 2058 1520 2099 Β
1551 2070 1624 2100 an.
1657 2060 1747 2100 dix.
1779 2069 1884 2100 esse
1906 2059 1941 2100 A

262 2115 371 2167 (hoc
402 2115 524 2167 ord.)
586 2119 904 2168 inquirendam
936 2117 970 2158 A
1111 2118 1136 2158 5
1171 2117 1461 2168 Quicumque
1491 2117 1576 2159 AB
1695 2117 1722 2158 6
1754 2119 1801 2158 in
1832 2120 1944 2159 ante

264 2179 386 2218 inan.
420 2189 508 2218 om.
542 2174 710 2228 (supra
745 2188 860 2218 vers.
893 2179 1047 2228 suppl.
1081 2170 1159 2227 ΡΞ)
1192 2177 1238 2217 Μ
1412 2177 1439 2218 9
1471 2177 1678 2227 aequalis
1707 2177 1742 2217 A
1836 2178 1945 2219 dicit

263 2233 492 2285 (constare
534 2237 689 2287 suppl.
730 2238 777 2277 in
818 2248 966 2287 Μαι-9.
1000 2249 1057 2278 m.
1090 2234 1134 2287 2)
1155 2231 1209 2289 sss
1229 2234 1358 2286 (dicit
1401 2247 1520 2278 eras.
1554 2234 1666 2286 vid.)
1711 2236 1944 2278 hominem

264 2293 415 2344 (eoem
447 2297 583 2336 lineis
617 2299 870 2337 transvers.
904 2294 1060 2346 delet.)
1091 2296 1156 2345 A,·
1182 2298 1296 2347 post
1327 2296 1449 2336 hom.
1481 2297 1580 2336 d.1·.
1605 2307 1646 2336 υ.
1679 2291 1734 2333 οὔ
1761 2314 1815 2322 —
1840 2291 1946 2345 κρά-

264 2363 376 2393 εεωε
515 2355 568 2395 10
601 2355 714 2396 alias
745 2366 853 2396 vero
887 2357 1067 2407 transp.
1100 2356 1133 2395 A
1275 2355 1322 2395 11
1360 2356 1614 2396 intentione
1648 2348 1706 2395 C¹
1736 2366 1854 2396 corr.
1889 2348 1948 2396 C²

264 2415 614 2455 contensionem
645 2414 680 2454 A
790 2415 1105 2456 remissionem
1137 2415 1171 2455 A
1358 2413 1406 2453 11
1443 2416 1489 2454 et
1523 2413 1575 2454 15
1607 2414 1860 2454 secundum
1892 2425 1948 2455 ex

264 2474 347 2513 sed
379 2484 497 2514 corr.
529 2467 589 2514 1³²
770 2473 824 2514 12
864 2475 1014 2515 minus
1054 2476 1157 2516 rad.
1190 2485 1245 2515 ex
1277 2483 1439 2514 manus
1470 2484 1589 2514 corr.
1621 2473 1662 2514 Ρ
1779 2483 1945 2514 novem

266 2529 370 2580 (·IX·
394 2530 451 2583 A)
485 2543 636 2574 crases
660 2533 706 2573 M
737 2530 956 2585 (exspect.
978 2536 1092 2585 post
1122 2533 1309 2574 inanim.
1337 2529 1463 2582 pos)
1525 2531 1670 2572 -vml-
1701 2531 1740 2572 Β
1799 2532 1946 2573 inani-

267 2595 434 2631 matum
465 2591 501 2632 A
687 2592 739 2633 13
771 2593 930 2633 iterum
963 2604 1052 2634 om.
1083 2593 1122 2633 B
1303 2591 1356 2631 14
1388 2591 1538 2641 haplis
1569 2602 1654 2643 eyo
1695 2591 1813 2641 aplis
1844 2589 1886 2632 Ο
1950 2642 1955 2647 ¹

269 2649 321 2689 15
354 2651 508 2690 anima
539 2662 627 2692 om.
663 2651 701 2692 C
870 2651 924 2692 16
957 2647 1025 2692 et¹
1055 2663 1144 2693 om.
1175 2651 1214 2692 B
1387 2649 1440 2690 18
1472 2653 1518 2692 et
1547 2661 1637 2693 om.
1668 2650 1704 2692 A
1796 2650 1945 2692 leonis

267 2710 480 2759 duplicat
508 2710 543 2750 A
639 2711 817 2760 pecoris
849 2710 896 2752 M
935 2711 1128 2752 alicuius
1160 2710 1340 2761 pecoris
1370 2708 1409 2749 Β
1559 2709 1613 2750 19
1644 2719 1753 2751 vero
1786 2721 1876 2750 om.
1907 2709 1942 2749 A

268 2768 405 2807 modo
437 2779 545 2808 vero
578 2769 760 2811 alterius
791 2771 1034 2812 cuiuslibet
1065 2782 1154 2812 om.
1178 2769 1216 2809 B
1414 2767 1470 2807 20
1503 2770 1705 2819 corporis
1736 2779 1825 2810 om.
1849 2767 1888 2808 B

268 2825 319 2866 21
356 2837 411 2867 ea
443 2831 596 2867 movet
627 2839 682 2868 ex
711 2832 895 2871 amovet
925 2841 983 2871 m.
1018 2834 1038 2869 1
1072 2832 1120 2871 et
1146 2833 1174 2869 2
1204 2838 1322 2870 corr.
1353 2828 1393 2868 P
1568 2832 1645 2869 vet
1673 2827 1758 2869 sed
1792 2827 1946 2868 anima

268 2886 316 2925 ln
349 2897 442 2926 ras.
469 2880 527 2926 C²
625 2888 863 2939 obpugnet
895 2887 933 2929 C
962 2891 1286 2939 oppugnantur
1314 2887 1352 2926 Β
1502 2886 1676 2926 22-23
1706 2887 1845 2928 erasis
1877 2888 1947 2926 est

269 2945 449 2995 transp.
481 2943 567 2985 AC
624 2945 785 2987 Iterum
819 2946 882 2988 C·
975 2946 1030 2987 23
1062 2951 1107 2989 et
1137 2958 1225 2988 om.
1258 2946 1291 2986 A
