1982 3172
214 122 284 171 96
302 123 306 128 '
577 114 835 161 NEMESII
867 114 1183 161 PREMNON
1216 114 1542 162 PHYSICON

156 260 181 300 2
215 251 499 301 irascibile.
544 251 742 301 lterum
778 266 1015 314 namque
1052 252 1416 303 desiderabile
1451 254 1506 303 in
1542 253 1678 304 duo:
1713 254 1767 304 in
1799 253 1891 304 de-

215 326 535 376 lectationes
560 331 614 375 et
643 324 994 377 afflictiones,
1035 325 1383 376 Desiderium
1412 341 1650 391 namque
1677 341 1894 391 reprae-

216 405 489 450 sentatum
514 399 934 450 delectationem
962 399 1108 458 facit,
1134 413 1245 450 non
1273 407 1682 463 praesentatum
1709 407 1893 454 autem
1980 424 1982 426 ·

155 483 180 522 3
213 473 592 524 afflictionem.
644 473 843 524 Iterum
885 480 1069 525 autem
1111 474 1413 525 secundum
1454 475 1623 526 alium
1664 476 1892 527 modum
1978 516 1982 518 -

215 548 549 599 desiderium
598 548 838 599 divisum
889 563 1073 600 secum
1124 549 1256 600 facit
1307 564 1498 601 omnes
1549 550 1619 601 IV
1665 553 1890 614 species.
1940 566 1980 599 ε’

214 622 350 671 Cum
389 623 534 672 enim
577 623 928 674 existentium
969 623 1106 673 haec
1147 623 1369 686 quidem
1411 624 1519 675 sint
1558 624 1719 683 bona,
1755 624 1894 675 haec
1976 653 1982 659 -

213 710 344 746 vero
379 695 527 746 mala
562 702 616 747 et
652 696 788 747 haec
825 697 1047 760 quidem
1085 698 1194 747 iam
1231 697 1431 756 adsint,
1464 698 1602 749 haec
1630 711 1763 749 vero
1800 712 1892 750 ex-

212 776 542 833 spectentur,
567 772 869 822 secundum
898 773 1001 822 hos
1031 773 1230 823 modos
1261 773 1480 824 duobus
1508 773 1579 824 ad
1606 774 1718 824 duo
1742 775 1891 825 iunc-

153 853 180 892 4
211 846 296 902 tis,
334 858 473 907 quae
513 851 640 896 sunt
678 845 952 903 desiderii,
991 847 1045 895 in
1084 845 1176 895 IIII
1215 846 1544 906 dividentur,
1578 846 1685 898 hoc
1713 853 1798 898 est
1834 848 1889 897 in

210 919 416 970 bonum
457 925 511 971 et
551 920 757 970 malum
801 927 855 972 et
896 922 1091 972 iterum
1134 923 1189 971 in
1229 935 1491 984 praesens
1529 928 1582 974 et
1625 922 1888 973 futurum.
1919 935 1982 974 ιο,

210 992 599 1056 Exspectatum
625 1007 865 1056 namque
895 994 1100 1044 bonum
1133 995 1466 1045 desiderium
1496 1001 1596 1054 est,
1628 1009 1890 1057 praesens

211 1082 343 1118 vero
366 1068 673 1127 delectatio,
695 1075 747 1119 et
769 1071 965 1120 iterum
985 1076 1365 1132 exspectatum
1386 1070 1594 1120 malum
1615 1072 1779 1122 timor
1790 1077 1890 1130 est,

152 1153 177 1192 5
213 1157 474 1204 praesens
499 1157 631 1194 vero
657 1143 908 1194 afflictio.
936 1143 1077 1194 Nam
1104 1145 1245 1194 circa
1269 1144 1418 1194 bona
1441 1150 1692 1196 versatur
1717 1145 1892 1196 delec-

213 1217 347 1267 tatio
379 1223 433 1268 et
465 1217 815 1275 desiderium,
850 1219 991 1268 circa
1021 1218 1168 1268 mala
1200 1232 1331 1269 vero
1364 1220 1531 1269 timor
1554 1225 1610 1270 et
1639 1218 1891 1270 afflictio.

211 1291 369 1342 Unde
392 1291 617 1354 quidam
639 1293 957 1354 passionem
981 1293 1035 1342 in
1051 1292 1143 1341 IIII
1167 1293 1445 1344 dividunt:
1469 1294 1524 1343 in
1541 1293 1890 1352 desiderium,
1917 1305 1982 1341 15-

213 1365 648 1424 delectationem,
670 1367 938 1425 timorem,
959 1368 1289 1429 angustiam.
1313 1367 1468 1417 Bona
1481 1374 1665 1418 autem
1679 1373 1733 1419 et
1746 1367 1892 1418 mala

152 1451 178 1490 6
212 1439 444 1490 dicimus
475 1446 571 1491 aut
605 1454 744 1502 quae
779 1455 907 1491 vere
944 1447 1084 1499 sunt,
1119 1447 1214 1492 aut
1246 1455 1386 1504 quae
1416 1455 1538 1492 esse
1572 1442 1888 1492 existiman-

209 1520 310 1564 tur.
361 1513 722 1564 Innascuntur
763 1520 946 1564 autem
986 1513 1167 1564 malae
1207 1515 1496 1576 passiones
1537 1515 1752 1564 animae
1793 1527 1900 1576 per·

209 1588 313 1638 tria
350 1587 509 1638 haec:
554 1601 649 1650 per
689 1587 891 1638 malam
935 1587 1334 1646 educationem,
1377 1601 1473 1650 per
1512 1587 1886 1650 indisciplina-

153 1674 175 1713 7
210 1663 431 1720 tionem,
459 1675 555 1724 per
586 1662 790 1711 malam
820 1661 1215 1713 habitudinem.
1259 1661 1382 1711 Non
1413 1663 1559 1712 enim
1590 1662 1728 1712 bene
1755 1661 1887 1712 edu·
1914 1664 1982 1725 20²¹

210 1738 315 1787 cati
354 1750 387 1786 a
428 1750 616 1799 puero,
658 1742 717 1787 ut
758 1742 984 1798 possent
1025 1736 1298 1787 abstinere
1339 1750 1371 1786 a
1410 1736 1778 1798 passionibus,
1814 1736 1885 1786 ad
1978 1750 1982 1753 ·

152 1822 178 1862 8
210 1810 723 1861 immoderationem
764 1824 951 1860 earum
996 1810 1321 1862 ceciderunt.
1374 1810 1475 1860 Per
1515 1809 1889 1873 indisciplina-

211 1885 415 1935 tionem
444 1898 576 1935 vero
610 1884 788 1934 malae
822 1884 1179 1935 discretiones
1213 1883 1466 1935 rationali
1502 1885 1641 1946 parti
1674 1884 1889 1934 animae

211 1960 583 2017 innascuntur,
618 1965 679 2009 ut
716 1960 1097 2009 existimentur
1132 1958 1279 2008 mala
1315 1959 1462 2009 bona
1499 1971 1620 2008 esse
1657 1964 1711 2009 et
1743 1958 1889 2008 bona
1981 1993 1982 1996 ,

153 2045 179 2083 9
213 2033 371 2083 mala.
419 2033 578 2083 Fiunt
616 2039 799 2084 autem
840 2031 1111 2095 quaedam
1151 2033 1440 2094 passiones
1476 2033 1642 2082 etiam
1677 2045 1710 2082 a
1742 2031 1888 2081 mala
1915 2045 1958 2080 25
1978 2050 1982 2094 3

211 2108 457 2170 corporis
487 2107 824 2158 habitudine.
872 2106 1177 2157 Irascibiles
1210 2120 1448 2169 namque
1484 2112 1610 2157 sunt
1643 2119 1887 2156 amaram
1980 2171 1982 2175 Ι

211 2181 476 2232 habentes
501 2181 776 2231 choleram
803 2188 859 2232 et
887 2181 1220 2232 sufferentes
1250 2180 1412 2231 calidi
1440 2187 1494 2231 et
1519 2180 1731 2230 humidi
1755 2184 1889 2231 tem·
1975 2208 1982 2246 ;

283 2348 399 2388 2—-3
424 2351 809 2397 repraesentatam
836 2347 1141 2388 delectionem
1166 2348 1200 2388 A
1302 2347 1329 2387 3
1360 2347 1468 2387 fecit
1490 2346 1530 2386 P
1594 2355 1690 2385 non
1714 2355 1892 2394 reprae-
1979 2359 1982 2404 3

211 2410 360 2448 sentat
392 2410 543 2447 autem
571 2407 606 2448 A
679 2404 848 2455 autem]
882 2418 990 2447 vero
1022 2407 1060 2447 Β
1222 2407 1248 2446 5
1280 2417 1436 2447 secum
1468 2405 1576 2445 facit
1606 2404 1646 2445 Ρ
1674 2404 1782 2444 fecit
1811 2403 1894 2445 AB
1979 2411 1982 2454 ῖ

210 2466 352 2507 efficit
383 2466 456 2507 Ho
602 2467 626 2507 7
660 2467 827 2507 adsunt
860 2497 869 2507 .
904 2498 914 2507 .
947 2469 1269 2515 exspectantur
1298 2465 1333 2506 A
1457 2463 1511 2504 10
1538 2465 1653 2515 post
1682 2456 1751 2504 et¹
1781 2464 1892 2504 add.

210 2526 257 2565 in
281 2525 316 2566 A
379 2530 425 2567 et
456 2526 616 2566 iterum
649 2537 739 2566 om.
763 2526 801 2566 Β
917 2525 966 2565 11
1003 2526 1176 2565 bonurn
1202 2525 1299 2566 deS.
1325 2526 1507 2574 transp.
1531 2522 1566 2564 A
1677 2521 1731 2562 12
1763 2532 1892 2571 exsp.

210 2585 377 2625 malurn
411 2587 593 2636 transp.
625 2585 660 2626 A
800 2584 854 2624 14
887 2585 1006 2624 mala
1036 2596 1145 2625 vero
1178 2586 1360 2634 transp.
1391 2582 1425 2623 A
1573 2581 1626 2621 16
1654 2583 1769 2632 post
1796 2581 1891 2622 tim.

210 2645 321 2684 add.
350 2647 399 2684 et
429 2644 467 2685 B
590 2644 641 2684 17
675 2645 868 2684 dicimus
901 2655 989 2684 om.
1023 2643 1105 2684 AB
1236 2643 1290 2682 19
1320 2643 1403 2683 tria
1434 2642 1550 2681 haec
1582 2643 1764 2692 transp.
1795 2640 1831 2680 A

211 2703 502 2743 eductionem
535 2698 600 2744 12¹
627 2715 746 2744 corr.
778 2697 837 2744 Ρ8
973 2702 1023 2743 21
1062 2703 1240 2752 possint
1269 2701 1308 2742 Β
1441 2699 1497 2739 22
1530 2711 1611 2749 per
1640 2698 1890 2748 indiscipli-

211 2759 465 2811 natione(m
497 2764 650 2814 suppl.
683 2774 742 2803 m.
772 2760 818 2813 3)
850 2763 890 2803 P
1063 2761 1120 2802 23
1152 2760 1438 2802 discretionis
1470 2759 1678 2799 rationali
1709 2759 1891 2798 animae

212 2821 324 2868 parti
355 2821 393 2862 Β
602 2821 658 2861 24
697 2823 945 2862 innascitur
976 2824 1024 2861 ut
1055 2822 1350 2862 aestimentur
1378 2819 1416 2859 Β
1624 2817 1680 2858 25
1719 2813 1888 2865 autem]

211 2881 347 2919 etiam
372 2880 406 2920 A
492 2882 628 2921 etiam
661 2892 750 2921 om.
774 2881 810 2921 A
896 2891 923 2920 a
954 2891 1043 2921 om.
1067 2880 1105 2920 Β
1228 2877 1401 2919 26-27
1435 2888 1633 2917 3111313111
1666 2877 1890 2918 habentes

211 2939 439 2978 choleram
473 2939 543 2978 Ho
586 2951 736 2978 amara
770 2940 993 2979 habentes
1027 2939 1177 2979 colera
1209 2937 1336 2978 PAB
1457 2936 1510 2976 27
1544 2936 1770 2985 temperie,
1794 2934 1835 2975 P
