<?xml version="1.0" encoding="UTF-8"?>
<!DOCTYPE html PUBLIC "-//W3C//DTD XHTML 1.0 Transitional//EN"
    "http://www.w3.org/TR/xhtml1/DTD/xhtml1-transitional.dtd">
<html xmlns="http://www.w3.org/1999/xhtml" xml:lang="en" lang="en">
 <head>
  <title>
</title>
<meta http-equiv="Content-Type" content="text/html;charset=utf-8" />
  <meta name='ocr-system' content='tesseract 3.04.00' />
  <meta name='ocr-capabilities' content='ocr_page ocr_carea ocr_par ocr_line ocrx_word'/>
</head>
<body>
  <div class='ocr_page' id='page_1' title='image "./nemesiiepiscopip00nemeuoft_0030.png"; bbox 0 0 1982 3172; ppageno 0'>
   <div class='ocr_carea' id='block_1_1' title="bbox 124 348 180 386">
    <p class='ocr_par' dir='ltr' id='par_1_1' title="bbox 124 348 180 386">
     <span class='ocr_line' id='line_1_1' title="bbox 124 348 180 386; baseline 0 0"><span class='ocrx_word' id='word_1_1' title='bbox 124 348 180 386; x_wconf 81' lang='lat'>49</span> 
     </span>
    </p>
   </div>
   <div class='ocr_carea' id='block_1_2' title="bbox 121 1018 177 1056">
    <p class='ocr_par' dir='ltr' id='par_1_2' title="bbox 121 1018 177 1056">
     <span class='ocr_line' id='line_1_2' title="bbox 121 1018 177 1056; baseline 0 0"><span class='ocrx_word' id='word_1_2' title='bbox 121 1018 177 1056; x_wconf 88' lang='grc'>50</span> 
     </span>
    </p>
   </div>
   <div class='ocr_carea' id='block_1_3' title="bbox 119 1242 170 1280">
    <p class='ocr_par' dir='ltr' id='par_1_3' title="bbox 119 1242 170 1280">
     <span class='ocr_line' id='line_1_3' title="bbox 119 1242 170 1280; baseline 0 0"><span class='ocrx_word' id='word_1_3' title='bbox 119 1242 170 1280; x_wconf 90' lang='grc'><strong>51</strong></span> 
     </span>
    </p>
   </div>
   <div class='ocr_carea' id='block_1_4' title="bbox 120 1390 175 1428">
    <p class='ocr_par' dir='ltr' id='par_1_4' title="bbox 120 1390 175 1428">
     <span class='ocr_line' id='line_1_4' title="bbox 120 1390 175 1428; baseline -0.018 0"><span class='ocrx_word' id='word_1_4' title='bbox 120 1390 175 1428; x_wconf 86' lang='grc'>52</span> 
     </span>
    </p>
   </div>
   <div class='ocr_carea' id='block_1_5' title="bbox 117 1833 172 1872">
    <p class='ocr_par' dir='ltr' id='par_1_5' title="bbox 117 1833 172 1872">
     <span class='ocr_line' id='line_1_5' title="bbox 117 1833 172 1872; baseline 0 0"><span class='ocrx_word' id='word_1_5' title='bbox 117 1833 172 1872; x_wconf 89' lang='grc'>53</span> 
     </span>
    </p>
   </div>
   <div class='ocr_carea' id='block_1_6' title="bbox 115 2276 170 2313">
    <p class='ocr_par' dir='ltr' id='par_1_6' title="bbox 115 2276 170 2313">
     <span class='ocr_line' id='line_1_6' title="bbox 115 2276 170 2313; baseline 0 0"><span class='ocrx_word' id='word_1_6' title='bbox 115 2276 170 2313; x_wconf 83' lang='grc'>54</span> 
     </span>
    </p>
   </div>
   <div class='ocr_carea' id='block_1_7' title="bbox 221 121 1544 182">
    <p class='ocr_par' dir='ltr' id='par_1_7' title="bbox 221 121 1544 182">
     <span class='ocr_line' id='line_1_7' title="bbox 221 121 1544 182; baseline 0.001 -10"><span class='ocrx_word' id='word_1_7' title='bbox 221 135 283 182; x_wconf 79' lang='lat'>14</span> <span class='ocrx_word' id='word_1_8' title='bbox 581 126 838 172; x_wconf 85' lang='lat' dir='ltr'><strong>NEMESII</strong></span> <span class='ocrx_word' id='word_1_9' title='bbox 871 121 1187 173; x_wconf 81' lang='lat' dir='ltr'>PREMNON</span> <span class='ocrx_word' id='word_1_10' title='bbox 1220 125 1544 173; x_wconf 83' lang='lat' dir='ltr'>PHYSICON</span> 
     </span>
    </p>
   </div>
   <div class='ocr_carea' id='block_1_8' title="bbox 203 262 1969 2395">
    <p class='ocr_par' dir='ltr' id='par_1_8' title="bbox 203 262 1969 2395">
     <span class='ocr_line' id='line_1_8' title="bbox 213 262 1892 316; baseline 0.001 -3"><span class='ocrx_word' id='word_1_11' title='bbox 213 262 378 314; x_wconf 83' lang='lat' dir='ltr'>homo</span> <span class='ocrx_word' id='word_1_12' title='bbox 413 278 544 314; x_wconf 89' lang='lat' dir='ltr'>vero</span> <span class='ocrx_word' id='word_1_13' title='bbox 579 263 951 314; x_wconf 83' lang='lat' dir='ltr'>mediantibus</span> <span class='ocrx_word' id='word_1_14' title='bbox 985 263 1287 314; x_wconf 91' lang='lat' dir='ltr'>seminibus</span> <span class='ocrx_word' id='word_1_15' title='bbox 1319 270 1373 314; x_wconf 87' lang='lat' dir='ltr'>et</span> <span class='ocrx_word' id='word_1_16' title='bbox 1406 265 1779 315; x_wconf 86' lang='lat' dir='ltr'>acruminibus</span> <span class='ocrx_word' id='word_1_17' title='bbox 1810 271 1892 316; x_wconf 89' lang='lat' dir='ltr'>at·</span> 
     </span>
     <span class='ocr_line' id='line_1_9' title="bbox 212 337 1890 402; baseline 0 -14"><span class='ocrx_word' id='word_1_18' title='bbox 212 351 318 400; x_wconf 91' lang='lat' dir='ltr'>que</span> <span class='ocrx_word' id='word_1_19' title='bbox 364 338 636 388; x_wconf 90' lang='lat' dir='ltr'>carnibus.</span> <span class='ocrx_word' id='word_1_20' title='bbox 739 337 1015 393; x_wconf 86' lang='lat' dir='ltr'>Quoniam</span> <span class='ocrx_word' id='word_1_21' title='bbox 1062 351 1196 388; x_wconf 91' lang='lat' dir='ltr'>vero</span> <span class='ocrx_word' id='word_1_22' title='bbox 1242 351 1352 388; x_wconf 90' lang='lat' dir='ltr'>non</span> <span class='ocrx_word' id='word_1_23' title='bbox 1401 337 1580 389; x_wconf 92' lang='lat' dir='ltr'>solum</span> <span class='ocrx_word' id='word_1_24' title='bbox 1627 352 1725 401; x_wconf 91' lang='lat' dir='ltr'>per</span> <span class='ocrx_word' id='word_1_25' title='bbox 1770 339 1890 402; x_wconf 84' lang='lat' dir='ltr'>pul·-</span> 
     </span>
     <span class='ocr_line' id='line_1_10' title="bbox 213 411 1891 476; baseline 0.001 -15"><span class='ocrx_word' id='word_1_26' title='bbox 213 411 591 469; x_wconf 89' lang='lat' dir='ltr'>chritudinem‚</span> <span class='ocrx_word' id='word_1_27' title='bbox 620 411 717 462; x_wconf 91' lang='lat' dir='ltr'>sed</span> <span class='ocrx_word' id='word_1_28' title='bbox 742 417 798 462; x_wconf 91' lang='lat' dir='ltr'>et</span> <span class='ocrx_word' id='word_1_29' title='bbox 824 425 920 473; x_wconf 90' lang='lat' dir='ltr'>per</span> <span class='ocrx_word' id='word_1_30' title='bbox 947 425 1170 461; x_wconf 91' lang='lat' dir='ltr'>sensum</span> <span class='ocrx_word' id='word_1_31' title='bbox 1198 411 1518 474; x_wconf 87' lang='lat' dir='ltr'>tangibilem</span> <span class='ocrx_word' id='word_1_32' title='bbox 1543 412 1711 463; x_wconf 92' lang='lat' dir='ltr'>homo</span> <span class='ocrx_word' id='word_1_33' title='bbox 1734 426 1891 476; x_wconf 87' lang='lat' dir='ltr'>prae·</span> 
     </span>
     <span class='ocr_line' id='line_1_11' title="bbox 212 485 1887 548; baseline 0 -12"><span class='ocrx_word' id='word_1_34' title='bbox 212 485 356 536; x_wconf 88' lang='lat' dir='ltr'>cellit</span> <span class='ocrx_word' id='word_1_35' title='bbox 388 492 582 536; x_wconf 91' lang='lat' dir='ltr'>cuncta</span> <span class='ocrx_word' id='word_1_36' title='bbox 614 485 889 544; x_wconf 91' lang='lat' dir='ltr'>animalia,</span> <span class='ocrx_word' id='word_1_37' title='bbox 921 499 1032 536; x_wconf 93' lang='lat' dir='ltr'>non</span> <span class='ocrx_word' id='word_1_38' title='bbox 1066 486 1458 548; x_wconf 87' lang='lat' dir='ltr'>circumposuit</span> <span class='ocrx_word' id='word_1_39' title='bbox 1488 487 1649 536; x_wconf 91' lang='lat' dir='ltr'>nobis</span> <span class='ocrx_word' id='word_1_40' title='bbox 1679 488 1887 537; x_wconf 88' lang='lat' dir='ltr'>corium</span> 
     </span>
     <span class='ocr_line' id='line_1_12' title="bbox 210 558 1968 624; baseline -0.001 -15"><span class='ocrx_word' id='word_1_41' title='bbox 210 574 467 622; x_wconf 86' lang='lat' dir='ltr'>grossum</span> <span class='ocrx_word' id='word_1_42' title='bbox 492 566 553 610; x_wconf 93' lang='lat' dir='ltr'>ut</span> <span class='ocrx_word' id='word_1_43' title='bbox 577 559 757 610; x_wconf 90' lang='lat' dir='ltr'>bubus</span> <span class='ocrx_word' id='word_1_44' title='bbox 782 565 835 610; x_wconf 94' lang='lat' dir='ltr'>et</span> <span class='ocrx_word' id='word_1_45' title='bbox 859 559 982 610; x_wconf 88' lang='lat' dir='ltr'>aliis</span> <span class='ocrx_word' id='word_1_46' title='bbox 1006 558 1343 616; x_wconf 92' lang='lat' dir='ltr'>huiusmodi,</span> <span class='ocrx_word' id='word_1_47' title='bbox 1367 573 1468 610; x_wconf 92' lang='lat' dir='ltr'>nec</span> <span class='ocrx_word' id='word_1_48' title='bbox 1487 560 1631 622; x_wconf 92' lang='lat' dir='ltr'>pilos</span> <span class='ocrx_word' id='word_1_49' title='bbox 1653 574 1888 624; x_wconf 89' lang='lat' dir='ltr'>magnos</span> <span class='ocrx_word' id='word_1_50' title='bbox 1932 570 1968 608; x_wconf 80' lang='lat'>·5</span> 
     </span>
     <span class='ocr_line' id='line_1_13' title="bbox 211 634 1888 698; baseline 0.001 -14"><span class='ocrx_word' id='word_1_51' title='bbox 211 641 264 684; x_wconf 88' lang='lat' dir='ltr'>et</span> <span class='ocrx_word' id='word_1_52' title='bbox 302 635 515 696; x_wconf 89' lang='lat' dir='ltr'>spissos</span> <span class='ocrx_word' id='word_1_53' title='bbox 553 640 613 684; x_wconf 92' lang='lat' dir='ltr'>ut</span> <span class='ocrx_word' id='word_1_54' title='bbox 652 634 831 696; x_wconf 89' lang='lat' dir='ltr'>capris</span> <span class='ocrx_word' id='word_1_55' title='bbox 870 639 923 684; x_wconf 90' lang='lat' dir='ltr'>et</span> <span class='ocrx_word' id='word_1_56' title='bbox 962 634 1255 696; x_wconf 83' lang='lat' dir='ltr'>pecoribus</span> <span class='ocrx_word' id='word_1_57' title='bbox 1291 640 1345 684; x_wconf 92' lang='lat' dir='ltr'>et</span> <span class='ocrx_word' id='word_1_58' title='bbox 1377 634 1674 697; x_wconf 91' lang='lat' dir='ltr'>leporibus,</span> <span class='ocrx_word' id='word_1_59' title='bbox 1709 649 1888 698; x_wconf 90' lang='lat' dir='ltr'>neque</span> 
     </span>
     <span class='ocr_line' id='line_1_14' title="bbox 214 708 1890 771; baseline 0.001 -13"><span class='ocrx_word' id='word_1_60' title='bbox 214 708 393 770; x_wconf 90' lang='lat' dir='ltr'>spolia</span> <span class='ocrx_word' id='word_1_61' title='bbox 437 714 497 758; x_wconf 93' lang='lat' dir='ltr'>ut</span> <span class='ocrx_word' id='word_1_62' title='bbox 544 708 892 770; x_wconf 84' lang='lat' dir='ltr'>serpentibus</span> <span class='ocrx_word' id='word_1_63' title='bbox 938 715 992 758; x_wconf 93' lang='lat' dir='ltr'>et</span> <span class='ocrx_word' id='word_1_64' title='bbox 1038 708 1296 770; x_wconf 86' lang='lat' dir='ltr'>piscibus,</span> <span class='ocrx_word' id='word_1_65' title='bbox 1341 722 1519 771; x_wconf 89' lang='lat' dir='ltr'>neque</span> <span class='ocrx_word' id='word_1_66' title='bbox 1565 709 1779 760; x_wconf 86' lang='lat' dir='ltr'>cocleas</span> <span class='ocrx_word' id='word_1_67' title='bbox 1831 715 1890 760; x_wconf 90' lang='lat' dir='ltr'>ut</span> 
     </span>
     <span class='ocr_line' id='line_1_15' title="bbox 211 782 1887 851; baseline 0.001 -19"><span class='ocrx_word' id='word_1_68' title='bbox 211 782 581 832; x_wconf 90' lang='lat' dir='ltr'>testudinibus</span> <span class='ocrx_word' id='word_1_69' title='bbox 627 788 680 833; x_wconf 87' lang='lat' dir='ltr'>et</span> <span class='ocrx_word' id='word_1_70' title='bbox 726 783 938 851; x_wconf 62' lang='lat' dir='ltr'>ostreis</span> <span class='ocrx_word' id='word_1_71' title='bbox 984 796 1162 845; x_wconf 90' lang='lat' dir='ltr'>neque</span> <span class='ocrx_word' id='word_1_72' title='bbox 1207 782 1404 834; x_wconf 91' lang='lat' dir='ltr'>molles</span> <span class='ocrx_word' id='word_1_73' title='bbox 1450 783 1664 833; x_wconf 89' lang='lat' dir='ltr'>cocleas</span> <span class='ocrx_word' id='word_1_74' title='bbox 1709 789 1769 834; x_wconf 92' lang='lat' dir='ltr'>ut</span> <span class='ocrx_word' id='word_1_75' title='bbox 1808 783 1887 834; x_wconf 90' lang='lat' dir='ltr'>lo-</span> 
     </span>
     <span class='ocr_line' id='line_1_16' title="bbox 211 857 1888 919; baseline 0.001 -13"><span class='ocrx_word' id='word_1_76' title='bbox 211 857 379 907; x_wconf 90' lang='lat' dir='ltr'>custis</span> <span class='ocrx_word' id='word_1_77' title='bbox 414 863 467 907; x_wconf 92' lang='lat' dir='ltr'>et</span> <span class='ocrx_word' id='word_1_78' title='bbox 501 857 725 914; x_wconf 84' lang='lat' dir='ltr'>cancriS,</span> <span class='ocrx_word' id='word_1_79' title='bbox 758 870 936 919; x_wconf 92' lang='lat' dir='ltr'>neque</span> <span class='ocrx_word' id='word_1_80' title='bbox 971 870 1181 918; x_wconf 91' lang='lat' dir='ltr'>pennas</span> <span class='ocrx_word' id='word_1_81' title='bbox 1215 863 1275 907; x_wconf 91' lang='lat' dir='ltr'>ut</span> <span class='ocrx_word' id='word_1_82' title='bbox 1307 857 1519 907; x_wconf 90' lang='lat' dir='ltr'>avibus.</span> <span class='ocrx_word' id='word_1_83' title='bbox 1561 857 1888 908; x_wconf 89' lang='lat' dir='ltr'>Necessario</span> 
     </span>
     <span class='ocr_line' id='line_1_17' title="bbox 210 927 1969 994; baseline 0.002 -15"><span class='ocrx_word' id='word_1_84' title='bbox 210 931 376 993; x_wconf 85' lang='lat' dir='ltr'>igitur</span> <span class='ocrx_word' id='word_1_85' title='bbox 415 930 776 981; x_wconf 86' lang='lat' dir='ltr'>sensibilitate</span> <span class='ocrx_word' id='word_1_86' title='bbox 815 932 1069 993; x_wconf 89' lang='lat' dir='ltr'>eguimus</span> <span class='ocrx_word' id='word_1_87' title='bbox 1109 931 1595 994; x_wconf 86' lang='lat' dir='ltr'>superabundante</span> <span class='ocrx_word' id='word_1_88' title='bbox 1633 933 1687 981; x_wconf 93' lang='lat' dir='ltr'>in</span> <span class='ocrx_word' id='word_1_89' title='bbox 1726 932 1889 983; x_wconf 81' lang='lat' dir='ltr'>nobis</span> <span class='ocrx_word' id='word_1_90' title='bbox 1921 927 1969 977; x_wconf 74' lang='lat'>1⁰</span> 
     </span>
     <span class='ocr_line' id='line_1_18' title="bbox 209 1001 1888 1069; baseline 0.001 -16"><span class='ocrx_word' id='word_1_91' title='bbox 209 1001 448 1067; x_wconf 89' lang='lat' dir='ltr'>amplius</span> <span class='ocrx_word' id='word_1_92' title='bbox 485 1019 650 1067; x_wconf 91' lang='lat' dir='ltr'>quam</span> <span class='ocrx_word' id='word_1_93' title='bbox 687 1004 811 1055; x_wconf 90' lang='lat' dir='ltr'>aliis</span> <span class='ocrx_word' id='word_1_94' title='bbox 847 1010 1044 1056; x_wconf 90' lang='lat' dir='ltr'>natura</span> <span class='ocrx_word' id='word_1_95' title='bbox 1081 1004 1341 1056; x_wconf 90' lang='lat' dir='ltr'>dedisset.</span> <span class='ocrx_word' id='word_1_96' title='bbox 1389 1005 1687 1068; x_wconf 88' lang='lat' dir='ltr'>Propterea</span> <span class='ocrx_word' id='word_1_97' title='bbox 1720 1006 1888 1069; x_wconf 87' lang='lat' dir='ltr'>igitur</span> 
     </span>
     <span class='ocr_line' id='line_1_19' title="bbox 211 1079 1888 1130; baseline 0.001 -3"><span class='ocrx_word' id='word_1_98' title='bbox 211 1079 544 1129; x_wconf 89' lang='lat' dir='ltr'>nutrimento</span> <span class='ocrx_word' id='word_1_99' title='bbox 576 1085 629 1129; x_wconf 90' lang='lat' dir='ltr'>et</span> <span class='ocrx_word' id='word_1_100' title='bbox 660 1079 1020 1130; x_wconf 88' lang='lat' dir='ltr'>sensibilitate</span> <span class='ocrx_word' id='word_1_101' title='bbox 1050 1079 1309 1129; x_wconf 75' lang='lat' dir='ltr'>familiari</span> <span class='ocrx_word' id='word_1_102' title='bbox 1340 1093 1564 1130; x_wconf 90' lang='lat' dir='ltr'>necesse</span> <span class='ocrx_word' id='word_1_103' title='bbox 1594 1080 1888 1130; x_wconf 91' lang='lat' dir='ltr'>habuimus</span> 
     </span>
     <span class='ocr_line' id='line_1_20' title="bbox 210 1153 1900 1222; baseline 0.001 -20"><span class='ocrx_word' id='word_1_104' title='bbox 210 1159 263 1202; x_wconf 89' lang='lat' dir='ltr'>et</span> <span class='ocrx_word' id='word_1_105' title='bbox 304 1167 414 1203; x_wconf 92' lang='lat' dir='ltr'>non</span> <span class='ocrx_word' id='word_1_106' title='bbox 459 1153 638 1203; x_wconf 92' lang='lat' dir='ltr'>solum</span> <span class='ocrx_word' id='word_1_107' title='bbox 681 1159 907 1218; x_wconf 91' lang='lat' dir='ltr'>propter</span> <span class='ocrx_word' id='word_1_108' title='bbox 947 1153 1098 1211; x_wconf 86' lang='lat' dir='ltr'>haec,</span> <span class='ocrx_word' id='word_1_109' title='bbox 1141 1153 1238 1203; x_wconf 92' lang='lat' dir='ltr'>sed</span> <span class='ocrx_word' id='word_1_110' title='bbox 1281 1160 1340 1203; x_wconf 94' lang='lat' dir='ltr'>ut</span> <span class='ocrx_word' id='word_1_111' title='bbox 1377 1153 1524 1204; x_wconf 85' lang='lat' dir='ltr'>feras</span> <span class='ocrx_word' id='word_1_112' title='bbox 1565 1153 1900 1222; x_wconf 82' lang='lat' dir='ltr'>fugeremus</span> 
     </span>
     <span class='ocr_line' id='line_1_21' title="bbox 207 1226 1886 1289; baseline 0.001 -13"><span class='ocrx_word' id='word_1_113' title='bbox 207 1233 260 1277; x_wconf 91' lang='lat' dir='ltr'>et</span> <span class='ocrx_word' id='word_1_114' title='bbox 297 1226 623 1288; x_wconf 89' lang='lat' dir='ltr'>qualitatum</span> <span class='ocrx_word' id='word_1_115' title='bbox 663 1227 1172 1289; x_wconf 89' lang='lat' dir='ltr'>distemperantiam</span> <span class='ocrx_word' id='word_1_116' title='bbox 1208 1233 1262 1278; x_wconf 92' lang='lat' dir='ltr'>et</span> <span class='ocrx_word' id='word_1_117' title='bbox 1299 1227 1721 1278; x_wconf 91' lang='lat' dir='ltr'>dissolutionem</span> <span class='ocrx_word' id='word_1_118' title='bbox 1759 1241 1886 1278; x_wconf 88' lang='lat' dir='ltr'>con-</span> 
     </span>
     <span class='ocr_line' id='line_1_22' title="bbox 207 1301 1965 1365; baseline 0.001 -14"><span class='ocrx_word' id='word_1_119' title='bbox 207 1301 529 1351; x_wconf 88' lang='lat' dir='ltr'>tinuationis</span> <span class='ocrx_word' id='word_1_120' title='bbox 555 1302 817 1363; x_wconf 77' lang='lat' dir='ltr'>corporis</span> <span class='ocrx_word' id='word_1_121' title='bbox 854 1301 1094 1364; x_wconf 92' lang='lat' dir='ltr'>Ideoque</span> <span class='ocrx_word' id='word_1_122' title='bbox 1117 1301 1345 1352; x_wconf 90' lang='lat' dir='ltr'>medicis</span> <span class='ocrx_word' id='word_1_123' title='bbox 1369 1308 1423 1352; x_wconf 90' lang='lat' dir='ltr'>et</span> <span class='ocrx_word' id='word_1_124' title='bbox 1447 1303 1727 1352; x_wconf 90' lang='lat' dir='ltr'>curatione</span> <span class='ocrx_word' id='word_1_125' title='bbox 1741 1316 1885 1365; x_wconf 91' lang='lat' dir='ltr'>opus</span> <span class='ocrx_word' id='word_1_126' title='bbox 1919 1309 1965 1347; x_wconf 79' lang='lat'>¹5</span> 
     </span>
     <span class='ocr_line' id='line_1_23' title="bbox 209 1375 1887 1438; baseline 0.002 -14"><span class='ocrx_word' id='word_1_127' title='bbox 209 1375 517 1425; x_wconf 89' lang='lat' dir='ltr'>habuimus.</span> <span class='ocrx_word' id='word_1_128' title='bbox 574 1375 714 1424; x_wconf 88' lang='lat' dir='ltr'>Nam</span> <span class='ocrx_word' id='word_1_129' title='bbox 761 1376 1164 1437; x_wconf 88' lang='lat' dir='ltr'>permutatione</span> <span class='ocrx_word' id='word_1_130' title='bbox 1223 1376 1370 1426; x_wconf 81' lang='lat' dir='ltr'>facta</span> <span class='ocrx_word' id='word_1_131' title='bbox 1414 1375 1740 1438; x_wconf 87' lang='lat' dir='ltr'>qualitatum</span> <span class='ocrx_word' id='word_1_132' title='bbox 1795 1390 1887 1427; x_wconf 91' lang='lat' dir='ltr'>ne-</span> 
     </span>
     <span class='ocr_line' id='line_1_24' title="bbox 211 1449 1885 1512; baseline 0.001 -13"><span class='ocrx_word' id='word_1_133' title='bbox 211 1463 361 1499; x_wconf 91' lang='lat' dir='ltr'>cesse</span> <span class='ocrx_word' id='word_1_134' title='bbox 404 1455 487 1499; x_wconf 94' lang='lat' dir='ltr'>est</span> <span class='ocrx_word' id='word_1_135' title='bbox 530 1463 626 1511; x_wconf 92' lang='lat' dir='ltr'>per</span> <span class='ocrx_word' id='word_1_136' title='bbox 670 1450 971 1500; x_wconf 90' lang='lat' dir='ltr'>contrarias</span> <span class='ocrx_word' id='word_1_137' title='bbox 1015 1449 1309 1511; x_wconf 90' lang='lat' dir='ltr'>qualitates</span> <span class='ocrx_word' id='word_1_138' title='bbox 1350 1450 1422 1500; x_wconf 89' lang='lat' dir='ltr'>ad</span> <span class='ocrx_word' id='word_1_139' title='bbox 1465 1451 1885 1512; x_wconf 88' lang='lat' dir='ltr'>temperantiam</span> 
     </span>
     <span class='ocr_line' id='line_1_25' title="bbox 206 1523 1881 1586; baseline 0.001 -14"><span class='ocrx_word' id='word_1_140' title='bbox 206 1523 465 1573; x_wconf 90' lang='lat' dir='ltr'>reducere</span> <span class='ocrx_word' id='word_1_141' title='bbox 501 1524 747 1585; x_wconf 92' lang='lat' dir='ltr'>corporis</span> <span class='ocrx_word' id='word_1_142' title='bbox 783 1524 1163 1574; x_wconf 90' lang='lat' dir='ltr'>constantiam.</span> <span class='ocrx_word' id='word_1_143' title='bbox 1211 1523 1334 1574; x_wconf 92' lang='lat' dir='ltr'>Non</span> <span class='ocrx_word' id='word_1_144' title='bbox 1369 1525 1530 1581; x_wconf 90' lang='lat' dir='ltr'>enim,</span> <span class='ocrx_word' id='word_1_145' title='bbox 1564 1529 1624 1574; x_wconf 90' lang='lat' dir='ltr'>ut</span> <span class='ocrx_word' id='word_1_146' title='bbox 1657 1523 1881 1586; x_wconf 89' lang='lat' dir='ltr'>quidam</span> 
     </span>
     <span class='ocr_line' id='line_1_26' title="bbox 208 1597 1886 1660; baseline 0.001 -14"><span class='ocrx_word' id='word_1_147' title='bbox 208 1603 495 1654; x_wconf 89' lang='lat' dir='ltr'>noverunt,</span> <span class='ocrx_word' id='word_1_148' title='bbox 519 1597 846 1647; x_wconf 82' lang='lat' dir='ltr'>calefactum</span> <span class='ocrx_word' id='word_1_149' title='bbox 871 1611 1071 1659; x_wconf 92' lang='lat' dir='ltr'>corpus</span> <span class='ocrx_word' id='word_1_150' title='bbox 1095 1597 1399 1660; x_wconf 82' lang='lat' dir='ltr'>infrigdare</span> <span class='ocrx_word' id='word_1_151' title='bbox 1423 1597 1743 1660; x_wconf 91' lang='lat' dir='ltr'>simpliciter</span> <span class='ocrx_word' id='word_1_152' title='bbox 1766 1611 1886 1660; x_wconf 88' lang='lat' dir='ltr'>per-</span> 
     </span>
     <span class='ocr_line' id='line_1_27' title="bbox 207 1669 1965 1734; baseline 0.001 -14"><span class='ocrx_word' id='word_1_153' title='bbox 207 1671 340 1721; x_wconf 87' lang='lat' dir='ltr'>tinet</span> <span class='ocrx_word' id='word_1_154' title='bbox 383 1671 626 1728; x_wconf 87' lang='lat' dir='ltr'>medicis,</span> <span class='ocrx_word' id='word_1_155' title='bbox 671 1671 768 1722; x_wconf 90' lang='lat' dir='ltr'>sed</span> <span class='ocrx_word' id='word_1_156' title='bbox 813 1672 999 1733; x_wconf 89' lang='lat' dir='ltr'>potius</span> <span class='ocrx_word' id='word_1_157' title='bbox 1041 1672 1326 1723; x_wconf 87' lang='lat' dir='ltr'>restituere</span> <span class='ocrx_word' id='word_1_158' title='bbox 1369 1671 1441 1722; x_wconf 93' lang='lat' dir='ltr'>ad</span> <span class='ocrx_word' id='word_1_159' title='bbox 1483 1678 1883 1734; x_wconf 87' lang='lat' dir='ltr'>temperamen-</span> <span class='ocrx_word' id='word_1_160' title='bbox 1915 1669 1965 1715; x_wconf 56' lang='grc' dir='ltr'>Ζ)</span> 
     </span>
     <span class='ocr_line' id='line_1_28' title="bbox 206 1744 1890 1808; baseline 0.001 -14"><span class='ocrx_word' id='word_1_161' title='bbox 206 1751 336 1794; x_wconf 90' lang='lat' dir='ltr'>tum.</span> <span class='ocrx_word' id='word_1_162' title='bbox 394 1744 449 1795; x_wconf 91' lang='lat' dir='ltr'>Si</span> <span class='ocrx_word' id='word_1_163' title='bbox 497 1746 640 1795; x_wconf 90' lang='lat' dir='ltr'>enim</span> <span class='ocrx_word' id='word_1_164' title='bbox 689 1745 1021 1808; x_wconf 83' lang='lat' dir='ltr'>infrigdetur</span> <span class='ocrx_word' id='word_1_165' title='bbox 1068 1745 1400 1808; x_wconf 88' lang='lat' dir='ltr'>simpliciter,</span> <span class='ocrx_word' id='word_1_166' title='bbox 1447 1747 1500 1795; x_wconf 94' lang='lat' dir='ltr'>in</span> <span class='ocrx_word' id='word_1_167' title='bbox 1547 1747 1890 1796; x_wconf 43' lang='lat' dir='ltr'>contrarium»</span> 
     </span>
     <span class='ocr_line' id='line_1_29' title="bbox 205 1819 1882 1882; baseline 0.001 -14"><span class='ocrx_word' id='word_1_168' title='bbox 205 1819 457 1869; x_wconf 92' lang='lat' dir='ltr'>morbum</span> <span class='ocrx_word' id='word_1_169' title='bbox 501 1819 755 1870; x_wconf 90' lang='lat' dir='ltr'>deveniet</span> <span class='ocrx_word' id='word_1_170' title='bbox 798 1819 1108 1881; x_wconf 87' lang='lat' dir='ltr'>dispositio.</span> <span class='ocrx_word' id='word_1_171' title='bbox 1212 1819 1525 1870; x_wconf 84' lang='lat' dir='ltr'>Necessitas</span> <span class='ocrx_word' id='word_1_172' title='bbox 1570 1820 1735 1882; x_wconf 87' lang='lat' dir='ltr'>igitur</span> <span class='ocrx_word' id='word_1_173' title='bbox 1777 1819 1882 1870; x_wconf 81' lang='lat' dir='ltr'>fuit</span> 
     </span>
     <span class='ocr_line' id='line_1_30' title="bbox 205 1893 1882 1956; baseline 0.001 -14"><span class='ocrx_word' id='word_1_174' title='bbox 205 1893 412 1943; x_wconf 92' lang='lat' dir='ltr'>homini</span> <span class='ocrx_word' id='word_1_175' title='bbox 441 1894 545 1943; x_wconf 93' lang='lat' dir='ltr'>cibi</span> <span class='ocrx_word' id='word_1_176' title='bbox 573 1899 626 1943; x_wconf 88' lang='lat' dir='ltr'>et</span> <span class='ocrx_word' id='word_1_177' title='bbox 653 1899 818 1955; x_wconf 92' lang='lat' dir='ltr'>potus</span> <span class='ocrx_word' id='word_1_178' title='bbox 847 1899 1072 1956; x_wconf 89' lang='lat' dir='ltr'>propter</span> <span class='ocrx_word' id='word_1_179' title='bbox 1099 1895 1488 1944; x_wconf 87' lang='lat' dir='ltr'>evacuationes</span> <span class='ocrx_word' id='word_1_180' title='bbox 1514 1900 1568 1944; x_wconf 91' lang='lat' dir='ltr'>et</span> <span class='ocrx_word' id='word_1_181' title='bbox 1590 1893 1882 1956; x_wconf 56' lang='lat' dir='ltr'>diaphorea</span> 
     </span>
     <span class='ocr_line' id='line_1_31' title="bbox 205 1967 1882 2031; baseline 0.001 -14"><span class='ocrx_word' id='word_1_182' title='bbox 205 1968 330 2017; x_wconf 84' lang='lat' dir='ltr'>siaS.</span> <span class='ocrx_word' id='word_1_183' title='bbox 377 1967 749 2018; x_wconf 89' lang='lat' dir='ltr'>Sensibilitate</span> <span class='ocrx_word' id='word_1_184' title='bbox 781 1981 1001 2030; x_wconf 89' lang='lat' dir='ltr'>quoque</span> <span class='ocrx_word' id='word_1_185' title='bbox 1036 1981 1178 2031; x_wconf 89' lang='lat' dir='ltr'>opus</span> <span class='ocrx_word' id='word_1_186' title='bbox 1213 1967 1419 2025; x_wconf 91' lang='lat' dir='ltr'>habuit,</span> <span class='ocrx_word' id='word_1_187' title='bbox 1455 1973 1515 2018; x_wconf 89' lang='lat' dir='ltr'>ut</span> <span class='ocrx_word' id='word_1_188' title='bbox 1548 1967 1756 2018; x_wconf 89' lang='lat' dir='ltr'>nullam</span> <span class='ocrx_word' id='word_1_189' title='bbox 1786 1981 1882 2018; x_wconf 89' lang='lat' dir='ltr'>na-</span> 
     </span>
     <span class='ocr_line' id='line_1_32' title="bbox 204 2040 1961 2104; baseline 0.001 -13"><span class='ocrx_word' id='word_1_190' title='bbox 204 2041 450 2092; x_wconf 87' lang='lat' dir='ltr'>turaliter</span> <span class='ocrx_word' id='word_1_191' title='bbox 495 2041 696 2092; x_wconf 91' lang='lat' dir='ltr'>habeat</span> <span class='ocrx_word' id='word_1_192' title='bbox 742 2041 942 2092; x_wconf 79' lang='lat' dir='ltr'>fortem</span> <span class='ocrx_word' id='word_1_193' title='bbox 990 2043 1475 2104; x_wconf 90' lang='lat' dir='ltr'>permutationem;</span> <span class='ocrx_word' id='word_1_194' title='bbox 1523 2042 1691 2096; x_wconf 86' lang='lat' dir='ltr'>domo</span> <span class='ocrx_word' id='word_1_195' title='bbox 1746 2055 1878 2092; x_wconf 89' lang='lat' dir='ltr'>vero</span> <span class='ocrx_word' id='word_1_196' title='bbox 1911 2040 1961 2084; x_wconf 66' lang='lat'>25</span> 
     </span>
     <span class='ocr_line' id='line_1_33' title="bbox 206 2115 1882 2179; baseline 0.001 -15"><span class='ocrx_word' id='word_1_197' title='bbox 206 2129 347 2176; x_wconf 88' lang='lat' dir='ltr'>opus</span> <span class='ocrx_word' id='word_1_198' title='bbox 383 2115 575 2166; x_wconf 91' lang='lat' dir='ltr'>habuit</span> <span class='ocrx_word' id='word_1_199' title='bbox 611 2122 836 2179; x_wconf 90' lang='lat' dir='ltr'>propter</span> <span class='ocrx_word' id='word_1_200' title='bbox 873 2116 1354 2178; x_wconf 88' lang='lat' dir='ltr'>distemperantias</span> <span class='ocrx_word' id='word_1_201' title='bbox 1391 2117 1533 2166; x_wconf 91' lang='lat' dir='ltr'>aeris</span> <span class='ocrx_word' id='word_1_202' title='bbox 1569 2121 1622 2167; x_wconf 91' lang='lat' dir='ltr'>et</span> <span class='ocrx_word' id='word_1_203' title='bbox 1657 2120 1882 2178; x_wconf 88' lang='lat' dir='ltr'>propter</span> 
     </span>
     <span class='ocr_line' id='line_1_34' title="bbox 203 2188 1882 2253; baseline 0.001 -15"><span class='ocrx_word' id='word_1_204' title='bbox 203 2189 374 2246; x_wconf 81' lang='lat' dir='ltr'>feras;</span> <span class='ocrx_word' id='word_1_205' title='bbox 418 2190 699 2240; x_wconf 91' lang='lat' dir='ltr'>curatione</span> <span class='ocrx_word' id='word_1_206' title='bbox 737 2196 920 2240; x_wconf 88' lang='lat' dir='ltr'>autem</span> <span class='ocrx_word' id='word_1_207' title='bbox 965 2196 1190 2252; x_wconf 89' lang='lat' dir='ltr'>propter</span> <span class='ocrx_word' id='word_1_208' title='bbox 1233 2191 1664 2252; x_wconf 88' lang='lat' dir='ltr'>permutationes</span> <span class='ocrx_word' id='word_1_209' title='bbox 1707 2188 1882 2253; x_wconf 87' lang='lat' dir='ltr'>quali·</span> 
     </span>
     <span class='ocr_line' id='line_1_35' title="bbox 204 2263 1892 2326; baseline 0 -13"><span class='ocrx_word' id='word_1_210' title='bbox 204 2269 376 2313; x_wconf 91' lang='lat' dir='ltr'>tatum</span> <span class='ocrx_word' id='word_1_211' title='bbox 412 2269 464 2314; x_wconf 90' lang='lat' dir='ltr'>et</span> <span class='ocrx_word' id='word_1_212' title='bbox 501 2263 918 2314; x_wconf 90' lang='lat' dir='ltr'>sensibilitatem</span> <span class='ocrx_word' id='word_1_213' title='bbox 954 2264 1185 2315; x_wconf 90' lang='lat' dir='ltr'>inditam</span> <span class='ocrx_word' id='word_1_214' title='bbox 1222 2265 1453 2326; x_wconf 90' lang='lat' dir='ltr'>corpori.</span> <span class='ocrx_word' id='word_1_215' title='bbox 1501 2263 1555 2314; x_wconf 90' lang='lat' dir='ltr'>Si</span> <span class='ocrx_word' id='word_1_216' title='bbox 1590 2264 1734 2314; x_wconf 92' lang='lat' dir='ltr'>enim</span> <span class='ocrx_word' id='word_1_217' title='bbox 1763 2277 1892 2314; x_wconf 74' lang='lat' dir='ltr'>nonv</span> 
     </span>
     <span class='ocr_line' id='line_1_36' title="bbox 203 2336 1879 2395; baseline 0.002 -10"><span class='ocrx_word' id='word_1_218' title='bbox 203 2336 478 2388; x_wconf 76' lang='lat' dir='ltr'>adfuisset</span> <span class='ocrx_word' id='word_1_219' title='bbox 506 2338 666 2387; x_wconf 94' lang='lat' dir='ltr'>nobis</span> <span class='ocrx_word' id='word_1_220' title='bbox 698 2337 1047 2395; x_wconf 89' lang='lat' dir='ltr'>sensibilitas,</span> <span class='ocrx_word' id='word_1_221' title='bbox 1078 2352 1189 2389; x_wconf 92' lang='lat' dir='ltr'>non</span> <span class='ocrx_word' id='word_1_222' title='bbox 1221 2338 1533 2389; x_wconf 90' lang='lat' dir='ltr'>doleremus</span> <span class='ocrx_word' id='word_1_223' title='bbox 1562 2343 1616 2388; x_wconf 91' lang='lat' dir='ltr'>et</span> <span class='ocrx_word' id='word_1_224' title='bbox 1643 2350 1753 2387; x_wconf 91' lang='lat' dir='ltr'>non</span> <span class='ocrx_word' id='word_1_225' title='bbox 1779 2337 1879 2388; x_wconf 89' lang='lat' dir='ltr'>do·</span> 
     </span>
    </p>
   </div>
   <div class='ocr_carea' id='block_1_9' title="bbox 203 2423 535 2430">
    <p class='ocr_par' dir='ltr' id='par_1_9' title="bbox 203 2423 535 2430">
     <span class='ocr_line' id='line_1_37' title="bbox 203 2423 535 2430; baseline 0 742"><span class='ocrx_word' id='word_1_226' title='bbox 203 2423 535 2430; x_wconf 95' lang='lat' dir='ltr'> </span> 
     </span>
    </p>
   </div>
   <div class='ocr_carea' id='block_1_10' title="bbox 202 2470 1891 2984">
    <p class='ocr_par' dir='ltr' id='par_1_10' title="bbox 204 2470 1891 2639">
     <span class='ocr_line' id='line_1_38' title="bbox 278 2470 1826 2522; baseline -0.001 -11"><span class='ocrx_word' id='word_1_227' title='bbox 278 2472 303 2510; x_wconf 87' lang='lat'><strong>5</strong></span> <span class='ocrx_word' id='word_1_228' title='bbox 337 2473 485 2512; x_wconf 92' lang='lat' dir='ltr'>bobus</span> <span class='ocrx_word' id='word_1_229' title='bbox 516 2471 550 2512; x_wconf 99' lang='lat' dir='ltr'><em>A</em></span> <span class='ocrx_word' id='word_1_230' title='bbox 722 2471 771 2512; x_wconf 88' lang='lat'>11</span> <span class='ocrx_word' id='word_1_231' title='bbox 808 2473 1004 2522; x_wconf 87' lang='lat' dir='ltr'>amplius</span> <span class='ocrx_word' id='word_1_232' title='bbox 1035 2472 1082 2512; x_wconf 87' lang='grc' dir='ltr'><strong>Μ</strong></span> <span class='ocrx_word' id='word_1_233' title='bbox 1114 2473 1216 2521; x_wconf 90' lang='lat' dir='ltr'>plus</span> <span class='ocrx_word' id='word_1_234' title='bbox 1247 2472 1286 2512; x_wconf 89' lang='lat' dir='ltr'><em>B</em></span> <span class='ocrx_word' id='word_1_235' title='bbox 1428 2470 1482 2511; x_wconf 88' lang='grc'><strong>13</strong></span> <span class='ocrx_word' id='word_1_236' title='bbox 1513 2470 1630 2510; x_wconf 87' lang='lat' dir='ltr'>feras</span> <span class='ocrx_word' id='word_1_237' title='bbox 1662 2481 1752 2510; x_wconf 91' lang='lat' dir='ltr'>om.</span> <span class='ocrx_word' id='word_1_238' title='bbox 1783 2470 1826 2510; x_wconf 91' lang='lat' dir='ltr'>D</span> 
     </span>
     <span class='ocr_line' id='line_1_39' title="bbox 206 2529 1886 2581; baseline 0 -13"><span class='ocrx_word' id='word_1_239' title='bbox 206 2529 258 2568; x_wconf 85' lang='lat'>14</span> <span class='ocrx_word' id='word_1_240' title='bbox 291 2534 335 2570; x_wconf 89' lang='lat' dir='ltr'>et</span> <span class='ocrx_word' id='word_1_241' title='bbox 368 2531 633 2579; x_wconf 89' lang='lat' dir='ltr'>qualitatum</span> <span class='ocrx_word' id='word_1_242' title='bbox 666 2530 753 2572; x_wconf 87' lang='lat' dir='ltr'>PC</span> <span class='ocrx_word' id='word_1_243' title='bbox 780 2532 1047 2581; x_wconf 81' lang='lat' dir='ltr'>qualitatum</span> <span class='ocrx_word' id='word_1_244' title='bbox 1079 2531 1114 2571; x_wconf 88' lang='lat' dir='ltr'><em>A</em></span> <span class='ocrx_word' id='word_1_245' title='bbox 1149 2532 1442 2581; x_wconf 76' lang='lat' dir='ltr'>equalitatem</span> <span class='ocrx_word' id='word_1_246' title='bbox 1465 2529 1505 2570; x_wconf 86' lang='lat'>13</span> <span class='ocrx_word' id='word_1_247' title='bbox 1562 2529 1672 2579; x_wconf 75' lang='lat' dir='ltr'>sort.</span> <span class='ocrx_word' id='word_1_248' title='bbox 1698 2529 1886 2569; x_wconf 82' lang='lat' dir='ltr'>distem·</span> 
     </span>
     <span class='ocr_line' id='line_1_40' title="bbox 204 2585 1891 2639; baseline 0.001 -12"><span class='ocrx_word' id='word_1_249' title='bbox 204 2590 431 2636; x_wconf 87' lang='lat' dir='ltr'>perantias</span> <span class='ocrx_word' id='word_1_250' title='bbox 509 2591 822 2631; x_wconf 87' lang='lat' dir='ltr'>continuitatis</span> <span class='ocrx_word' id='word_1_251' title='bbox 853 2590 886 2631; x_wconf 89' lang='lat' dir='ltr'><em>A</em></span> <span class='ocrx_word' id='word_1_252' title='bbox 977 2590 1030 2630; x_wconf 90' lang='grc'>15</span> <span class='ocrx_word' id='word_1_253' title='bbox 1063 2591 1244 2631; x_wconf 82' lang='lat' dir='ltr'>medico</span> <span class='ocrx_word' id='word_1_254' title='bbox 1267 2589 1301 2630; x_wconf 87' lang='lat' dir='ltr'><em>A</em></span> <span class='ocrx_word' id='word_1_255' title='bbox 1365 2589 1484 2639; x_wconf 83' lang='lat' dir='ltr'>opus</span> <span class='ocrx_word' id='word_1_256' title='bbox 1508 2588 1614 2628; x_wconf 84' lang='lat' dir='ltr'>hab.</span> <span class='ocrx_word' id='word_1_257' title='bbox 1640 2589 1823 2638; x_wconf 78' lang='lat' dir='ltr'>transp.</span> <span class='ocrx_word' id='word_1_258' title='bbox 1849 2585 1891 2629; x_wconf 81' lang='lat' dir='ltr'><em>C</em></span> 
     </span>
    </p>

    <p class='ocr_par' dir='ltr' id='par_1_11' title="bbox 202 2643 1883 2984">
     <span class='ocr_line' id='line_1_41' title="bbox 276 2643 1883 2701; baseline 0 -15"><span class='ocrx_word' id='word_1_259' title='bbox 276 2647 329 2686; x_wconf 88' lang='grc'>16</span> <span class='ocrx_word' id='word_1_260' title='bbox 361 2648 480 2688; x_wconf 84' lang='lat' dir='ltr'>facta</span> <span class='ocrx_word' id='word_1_261' title='bbox 511 2660 601 2689; x_wconf 87' lang='lat' dir='ltr'>om.</span> <span class='ocrx_word' id='word_1_262' title='bbox 636 2649 675 2690; x_wconf 88' lang='lat' dir='ltr'><em>C</em></span> <span class='ocrx_word' id='word_1_263' title='bbox 686 2644 699 2668; x_wconf 87' lang='lat'>¹</span> <span class='ocrx_word' id='word_1_264' title='bbox 732 2651 885 2701; x_wconf 82' lang='lat' dir='ltr'>suppl.</span> <span class='ocrx_word' id='word_1_265' title='bbox 922 2643 986 2691; x_wconf 80' lang='lat' dir='ltr'>C&#39;</span> <span class='ocrx_word' id='word_1_266' title='bbox 1107 2649 1160 2689; x_wconf 90' lang='grc'>17</span> <span class='ocrx_word' id='word_1_267' title='bbox 1193 2652 1263 2690; x_wconf 88' lang='lat' dir='ltr'>est</span> <span class='ocrx_word' id='word_1_268' title='bbox 1293 2659 1382 2689; x_wconf 89' lang='lat' dir='ltr'>om.</span> <span class='ocrx_word' id='word_1_269' title='bbox 1413 2647 1447 2688; x_wconf 86' lang='lat' dir='ltr'><em>A</em></span> <span class='ocrx_word' id='word_1_270' title='bbox 1575 2646 1629 2687; x_wconf 90' lang='grc'>18</span> <span class='ocrx_word' id='word_1_271' title='bbox 1661 2643 1883 2696; x_wconf 82' lang='lat' dir='ltr'>corporis]</span> 
     </span>
     <span class='ocr_line' id='line_1_42' title="bbox 203 2702 1818 2760; baseline -0.001 -14"><span class='ocrx_word' id='word_1_272' title='bbox 203 2707 354 2754; x_wconf 85' lang='lat' dir='ltr'>operis</span> <span class='ocrx_word' id='word_1_273' title='bbox 388 2702 451 2747; x_wconf 86' lang='lat' dir='ltr'>C¹</span> <span class='ocrx_word' id='word_1_274' title='bbox 483 2719 601 2748; x_wconf 83' lang='lat' dir='ltr'>corr.</span> <span class='ocrx_word' id='word_1_275' title='bbox 637 2702 701 2749; x_wconf 70' lang='lat' dir='ltr'>C2</span> <span class='ocrx_word' id='word_1_276' title='bbox 818 2708 872 2748; x_wconf 84' lang='lat'>19</span> <span class='ocrx_word' id='word_1_277' title='bbox 903 2708 1166 2760; x_wconf 70' lang='lat' dir='ltr'>infrigidare</span> <span class='ocrx_word' id='word_1_278' title='bbox 1194 2707 1281 2748; x_wconf 88' lang='lat' dir='ltr'>AB</span> <span class='ocrx_word' id='word_1_279' title='bbox 1379 2706 1430 2747; x_wconf 85' lang='lat'>21</span> <span class='ocrx_word' id='word_1_280' title='bbox 1466 2706 1749 2756; x_wconf 70' lang='lat' dir='ltr'>infrigidemur</span> <span class='ocrx_word' id='word_1_281' title='bbox 1778 2705 1818 2745; x_wconf 88' lang='lat' dir='ltr'><em>B</em></span> 
     </span>
     <span class='ocr_line' id='line_1_43' title="bbox 202 2764 1882 2815; baseline 0.001 -12"><span class='ocrx_word' id='word_1_282' title='bbox 202 2764 258 2804; x_wconf 85' lang='lat'>23</span> <span class='ocrx_word' id='word_1_283' title='bbox 290 2765 465 2804; x_wconf 87' lang='lat' dir='ltr'>homini</span> <span class='ocrx_word' id='word_1_284' title='bbox 497 2769 600 2807; x_wconf 81' lang='lat' dir='ltr'>rad.</span> <span class='ocrx_word' id='word_1_285' title='bbox 626 2779 680 2808; x_wconf 79' lang='lat' dir='ltr'>ex</span> <span class='ocrx_word' id='word_1_286' title='bbox 710 2768 947 2808; x_wconf 90' lang='lat' dir='ltr'>hominurn</span> <span class='ocrx_word' id='word_1_287' title='bbox 979 2768 1020 2808; x_wconf 92' lang='grc' dir='ltr'><em>Ρ</em></span> <span class='ocrx_word' id='word_1_288' title='bbox 1077 2767 1207 2808; x_wconf 84' lang='lat' dir='ltr'>cibus</span> <span class='ocrx_word' id='word_1_289' title='bbox 1239 2765 1320 2808; x_wconf 90' lang='lat' dir='ltr'>CB</span> <span class='ocrx_word' id='word_1_290' title='bbox 1399 2765 1456 2806; x_wconf 83' lang='lat'>24</span> <span class='ocrx_word' id='word_1_291' title='bbox 1487 2765 1798 2807; x_wconf 77' lang='lat' dir='ltr'>Sensibilitate</span> <span class='ocrx_word' id='word_1_292' title='bbox 1829 2773 1882 2815; x_wconf 86' lang='lat' dir='ltr'>q;</span> 
     </span>
     <span class='ocr_line' id='line_1_44' title="bbox 202 2819 1819 2875; baseline -0.001 -12"><span class='ocrx_word' id='word_1_293' title='bbox 202 2819 265 2872; x_wconf 88' lang='lat'>(--</span> <span class='ocrx_word' id='word_1_294' title='bbox 281 2821 391 2873; x_wconf 88' lang='lat' dir='ltr'>que)</span> <span class='ocrx_word' id='word_1_295' title='bbox 424 2825 583 2865; x_wconf 87' lang='lat' dir='ltr'>habuit</span> <span class='ocrx_word' id='word_1_296' title='bbox 614 2837 732 2875; x_wconf 88' lang='lat' dir='ltr'>opus</span> <span class='ocrx_word' id='word_1_297' title='bbox 763 2827 797 2866; x_wconf 87' lang='lat' dir='ltr'><em>A</em></span> <span class='ocrx_word' id='word_1_298' title='bbox 922 2827 978 2866; x_wconf 88' lang='grc'>25</span> <span class='ocrx_word' id='word_1_299' title='bbox 1010 2827 1197 2866; x_wconf 84' lang='lat' dir='ltr'>haberet</span> <span class='ocrx_word' id='word_1_300' title='bbox 1227 2825 1266 2866; x_wconf 92' lang='grc' dir='ltr'><em>Β</em></span> <span class='ocrx_word' id='word_1_301' title='bbox 1377 2824 1434 2865; x_wconf 87' lang='grc'>26</span> <span class='ocrx_word' id='word_1_302' title='bbox 1465 2820 1640 2872; x_wconf 81' lang='lat' dir='ltr'>habuit]</span> <span class='ocrx_word' id='word_1_303' title='bbox 1672 2823 1756 2863; x_wconf 84' lang='lat' dir='ltr'>fuit</span> <span class='ocrx_word' id='word_1_304' title='bbox 1784 2821 1819 2862; x_wconf 83' lang='lat' dir='ltr'><em>A</em></span> 
     </span>
     <span class='ocr_line' id='line_1_45' title="bbox 202 2879 1820 2934; baseline 0 -13"><span class='ocrx_word' id='word_1_305' title='bbox 202 2882 619 2931; x_wconf 83' lang='lat' dir='ltr'>distemperantiam</span> <span class='ocrx_word' id='word_1_306' title='bbox 652 2885 693 2924; x_wconf 92' lang='lat' dir='ltr'>D</span> <span class='ocrx_word' id='word_1_307' title='bbox 771 2879 975 2934; x_wconf 81' lang='lat' dir='ltr'>propter²</span> <span class='ocrx_word' id='word_1_308' title='bbox 1005 2896 1095 2925; x_wconf 89' lang='lat' dir='ltr'>om.</span> <span class='ocrx_word' id='word_1_309' title='bbox 1125 2885 1161 2925; x_wconf 91' lang='lat' dir='ltr'><em>A</em></span> <span class='ocrx_word' id='word_1_310' title='bbox 1345 2883 1400 2924; x_wconf 87' lang='lat'>27</span> <span class='ocrx_word' id='word_1_311' title='bbox 1443 2879 1613 2932; x_wconf 85' lang='lat' dir='ltr'>autem]</span> <span class='ocrx_word' id='word_1_312' title='bbox 1644 2891 1754 2922; x_wconf 82' lang='lat' dir='ltr'>vero</span> <span class='ocrx_word' id='word_1_313' title='bbox 1785 2880 1820 2921; x_wconf 81' lang='grc' dir='ltr'><strong>Α</strong></span> 
     </span>
     <span class='ocr_line' id='line_1_46' title="bbox 202 2940 1878 2984; baseline 0 -4"><span class='ocrx_word' id='word_1_314' title='bbox 202 2941 258 2981; x_wconf 86' lang='grc'>28</span> <span class='ocrx_word' id='word_1_315' title='bbox 297 2942 622 2982; x_wconf 85' lang='lat' dir='ltr'>sensibilitates</span> <span class='ocrx_word' id='word_1_316' title='bbox 656 2943 849 2983; x_wconf 86' lang='lat' dir='ltr'>indictas</span> <span class='ocrx_word' id='word_1_317' title='bbox 881 2944 914 2983; x_wconf 81' lang='lat' dir='ltr'><em>A</em></span> <span class='ocrx_word' id='word_1_318' title='bbox 1040 2943 1097 2983; x_wconf 83' lang='lat'>29</span> <span class='ocrx_word' id='word_1_319' title='bbox 1135 2943 1358 2984; x_wconf 77' lang='lat' dir='ltr'>adfuisset</span> <span class='ocrx_word' id='word_1_320' title='bbox 1387 2943 1427 2983; x_wconf 90' lang='grc' dir='ltr'><em>Ρ</em></span> <span class='ocrx_word' id='word_1_321' title='bbox 1454 2942 1660 2983; x_wconf 72' lang='lat' dir='ltr'>affuisset</span> <span class='ocrx_word' id='word_1_322' title='bbox 1690 2940 1731 2980; x_wconf 89' lang='lat' dir='ltr'>D</span> <span class='ocrx_word' id='word_1_323' title='bbox 1826 2941 1828 2943; x_wconf 82' lang='grc'><strong>’</strong></span> <span class='ocrx_word' id='word_1_324' title='bbox 1876 2950 1878 2952; x_wconf 68' lang='grc'><strong><em>’</em></strong></span> 
     </span>
    </p>
   </div>
  </div>
 </body>
</html>
