1982 3172
173 342 200 380 6

171 565 193 603 7

169 934 194 972 8

169 1377 195 1415 9

139 2262 192 2300 10

138 2557 185 2596 11

232 130 264 177 2
898 91 1239 166 PROLOGUS

231 273 338 321 qua
397 258 692 321 languente
751 257 946 307 eadem
992 257 1367 319 redintegratu
1413 258 1715 320 perciperet
1759 257 1911 308 diffi-

230 332 446 382 cillima.
550 331 891 382 Rationalem
924 331 1108 393 itaque
1141 332 1340 381 rationi
1374 330 1661 393 invigilare
1693 337 1912 394 oportet

230 407 537 468 praecipue,
578 419 646 455 ne
681 405 784 455 hac
824 407 878 454 in
919 419 985 455 eo
1027 404 1275 455 offocata
1315 411 1647 457 evanescant
1684 419 1903 468 quoque

227 481 537 531 necessario
561 479 1025 543 superaedificata
1047 485 1100 530 et
1123 479 1643 541 superaedificanda
1665 480 1911 531 membra

227 555 501 604 scientiae.
540 553 604 604 Et
633 554 762 615 quia
788 553 858 603 ab
887 553 1115 615 originis
1146 552 1448 616 primordio
1478 567 1741 616 corporea
1763 553 1908 604 mole
1953 563 1978 597 5

228 629 420 678 maiori
479 642 546 677 ex
606 633 761 689 parte
820 627 1095 684 deteritur,
1156 627 1461 689 disciplinis
1519 633 1572 678 et
1614 627 1908 679 virtutibus

227 702 569 764 diversisque
602 701 799 752 studiis
831 715 864 751 a
895 701 1145 763 rubigine
1178 714 1442 763 corporea
1473 702 1784 753 necessario
1813 701 1908 752 eli-

227 781 418 833 metur,
488 782 758 838 quatenus
822 775 1108 826 rationalis
1162 775 1329 826 homo
1385 790 1541 825 suam
1595 781 1760 838 atque
1813 789 1904 827 ex·

226 849 486 900 teriorum
525 850 708 900 valeat
749 850 1164 900 coruscantibus
1203 850 1432 901 rationis
1471 849 1640 900 radiis
1681 849 1908 912 profun-

226 923 358 974 dare
394 923 778 986 moderarique
815 930 1056 974 naturas,
1106 923 1345 986 Ideoque
1382 923 1782 986 aliquantulam
1820 937 1908 975 co·
1932 932 1977 967 10

225 1011 327 1060 gor
359 997 527 1049 ordiri
557 997 887 1055 doctrinam;
922 1012 1085 1060 quam
1120 998 1251 1048 dum
1286 997 1671 1061 philosophiae
1703 997 1903 1049 fornax

224 1073 545 1129 evomuerit,
586 1073 978 1134 cuiuscumque
1012 1073 1279 1123 rationem
1320 1073 1690 1135 inruginatam
1729 1072 1903 1135 ignita

227 1146 530 1208 contigerit,
560 1146 754 1196 maiori
779 1160 846 1196 ex
876 1152 1031 1208 parte
1060 1152 1331 1208 excoquat
1360 1152 1413 1196 et
1440 1147 1704 1209 eruginet,
1730 1151 1789 1198 ut
1817 1146 1905 1197 hic

224 1220 556 1270 naturalium
597 1220 939 1271 advertendo
980 1226 1206 1270 naturas
1247 1221 1424 1282 possit
1463 1221 1657 1271 merito
1699 1219 1906 1283 perfrui

225 1295 487 1357 principis
526 1295 747 1344 nomine
787 1300 951 1356 atque
991 1294 1200 1345 officio.
1931 1302 1974 1337 ¹⁵

291 1367 399 1419 Sed
444 1367 573 1430 quia
617 1368 959 1430 impossibile
1002 1374 1085 1419 est
1129 1369 1374 1419 omnium
1418 1382 1593 1431 usque
1635 1368 1707 1419 ad
1734 1383 1902 1420 mem-

226 1442 322 1491 bra
393 1441 681 1492 individua
753 1441 1071 1504 singulatim
1143 1443 1198 1492 in
1255 1442 1514 1492 brevibus
1570 1442 1901 1506 vestigando

225 1515 421 1566 docere
470 1522 696 1566 naturas
747 1522 801 1566 et
849 1516 903 1565 in
955 1516 1183 1578 prolixis
1234 1517 1399 1566 etiam
1447 1517 1786 1578 ingereretur
1818 1516 1900 1566 fa-

225 1589 464 1647 stidium,
515 1590 648 1640 viris
701 1591 995 1652 praecipue
1048 1591 1277 1639 summis
1331 1590 1692 1653 dignitatibus
1746 1604 1899 1653 prae-

226 1662 379 1713 ditis:
427 1661 627 1725 ego**
667 1664 776 1714 tuis
827 1677 1046 1726 quoque
1097 1664 1377 1726 prosperis
1431 1664 1731 1719 succedens
1783 1670 1974 1715 suc-20

225 1737 470 1788 cessibus
530 1737 602 1787 ad
663 1737 969 1788 doctrinam
1014 1738 1333 1788 huiusmodi
1379 1738 1659 1801 copiosius
1703 1752 1736 1788 a
1781 1751 1900 1800 per-

226 1810 473 1872 pluribus
517 1811 663 1862 dicta
704 1812 1036 1870 auctoribus
1078 1818 1132 1863 et
1174 1813 1468 1874 praecipue
1510 1812 1580 1862 ab
1621 1812 1721 1870 his.
1759 1825 1900 1874 quos

225 1890 397 1935 mater
468 1885 724 1936 educavit
794 1884 1039 1943 Graecia,
1107 1885 1425 1936 Latinorum
1498 1891 1728 1948 cogente
1809 1883 1932 1948 pe-'

223 1959 395 2016 nuria,
462 1960 516 2008 in
584 1959 687 2009 hac
748 1959 1085 2011 editiuncula
1150 1959 1535 2010 transferendo
1603 1958 1899 2018 conferam,

223 2046 323 2083 nec
407 2046 517 2083 non
580 2039 635 2084 et
705 2047 738 2083 a
807 2034 1015 2096 proprii
1088 2033 1384 2084 scintillula
1465 2039 1746 2096 comperta
1820 2034 1899 2087 in·
1926 2039 1971 2074 25

195 2100 428 2168 'genioli
469 2107 841 2158 abiectissima
881 2108 935 2157 in
978 2114 1132 2170 parte
1174 2114 1454 2171 tamquam
1496 2107 1661 2158 vilem
1701 2107 1903 2159 levem-
1959 2149 1962 2153 J

226 2193 330 2242 que
375 2180 637 2243 stipulam
683 2180 918 2232 fimbriis
963 2181 1372 2232 adhaerendam
1418 2183 1730 2244 importune
1775 2180 1902 2232 sub-

224 2254 400 2305 iciam.
453 2254 803 2306 Mediocriter
846 2255 1066 2318 quidem
1109 2262 1430 2308 naturarum
1471 2254 1809 2306 universalia·
1847 2262 1901 2306 et

223 2328 380 2390 quasi
409 2329 638 2390 stipites,
667 2342 833 2379 sensu
862 2335 1044 2380 tamen
1074 2330 1296 2388 sollerti,
1326 2329 1576 2380 delibans
1602 2343 1636 2379 a
1657 2329 1900 2381 minutae

221 2402 594 2453 ventilationis
630 2402 1041 2464 particularium
1076 2403 1530 2466 infinitorumque
1563 2401 1900 2454 ramusculo·
1922 2406 1971 2442 ³0

220 2489 338 2525 rum
385 2489 610 2538 gressus
657 2476 950 2540 profundis
998 2477 1256 2529 detinebo
1301 2475 1582 2527 limitibus
1638 2463 1753 2527 Nec
1795 2475 1900 2528 hoc

222 2548 443 2609 quidem
466 2549 686 2601 frustra.
719 2548 1052 2613 Specialium
1074 2565 1311 2614 namque
1333 2551 1522 2613 agnita
1542 2555 1740 2601 natura
1761 2549 1900 2602 indi-

296 2697 324 2736 6
355 2699 421 2739 ad
452 2699 665 2739 deteritur
693 2700 790 2741 Bae
822 2703 1046 2742 adnotat:
1078 2694 1262 2751 nt'imlid)
1292 2694 1359 2740 bie
1390 2700 1502 2740 ratio
1684 2698 1738 2739 12
1770 2699 1901 2739 cuius

222 2753 439 2805 (cumque
470 2759 624 2808 suppl.
656 2770 715 2799 m.
746 2763 772 2798 2
804 2761 858 2799 ut
887 2757 1000 2810 vid.)
1031 2759 1073 2800 Ρ
1213 2758 1269 2799 20
1300 2759 1424 2800 inter
1455 2769 1546 2808 ego
1578 2760 1625 2799 et
1654 2758 1743 2798 tuis
1772 2758 1900 2808 apat.

221 2825 320 2856 vac.
354 2819 403 2855 14
441 2816 537 2866 fere
566 2817 862 2866 litterarum:
899 2819 1031 2859 haud
1061 2819 1201 2859 dubie
1231 2817 1503 2869 interpretis
1533 2827 1699 2858 nomen
1730 2816 1904 2857 axcldlt

221 2874 278 2923 cf.
309 2873 405 2915 Bae
440 2877 542 2915 1098
633 2875 687 2915 25
726 2873 804 2924 [et]
836 2877 933 2917 Bae
960 2879 1158 2928 propter
1192 2879 1238 2926 e,t
1269 2878 1318 2917 in
1347 2876 1399 2926 Ρ,
1429 2877 1515 2917 sed
1544 2875 1770 2917 librarius
1800 2885 1900 2916 ma-

221 2933 373 2973 culam
405 2933 530 2983 fecit,
562 2945 656 2974 non
683 2937 1065 2984 puncto-delevit
1092 2937 1394 2987 particulam,
1426 2937 1511 2976 cet.
1543 2936 1600 2986 cf.
1634 2938 1670 2984 1,
1689 2938 1740 2975 16
