1982 3172
96 239 145 279 »7
152 238 175 279 4

123 537 177 579 75

94 685 179 736 ,76

126 982 178 1021 77

128 1130 182 1171 78

130 1649 184 1688 79

208 100 276 150 42
574 92 830 138 NEMEsn
863 92 1179 138 PREMNON
1212 92 1536 151 PHYs1coN

208 230 480 281 virtutem.
594 229 961 292 Antiquorum
1011 229 1177 293 igitur
1231 231 1531 281 sententiae
1586 231 1653 282 de
1707 232 1890 282 anima

210 304 347 355 tales
382 310 522 362 sunt,
558 303 936 354 Eunomius
971 309 1155 354 autem
1191 303 1459 355 diffinivit
1493 305 1732 356 animam
1767 319 1889 357 esse

210 379 575 430 substantiam
635 379 1016 441 incorpoream
1063 378 1117 434 in
1165 392 1394 441 corpore
1440 379 1732 438 conditam,
1778 394 1888 431 non

211 453 519 510 dinoscens,
542 457 602 503 ut
627 458 920 515 peracutus
943 453 1202 510 existens,
1228 453 1376 516 quod
1401 459 1631 517 temptet
1652 454 1723 504 ad
1743 454 1890 505 idem

212 527 460 578 conferre
493 527 949 578 inconvenientia.
995 526 1171 578 Omne
1205 528 1366 585 enim,
1400 528 1548 590 quod
1583 534 1763 580 ortum
1796 529 1892 579 ha·
1937 535 1960 570 5

211 602 315 659 bet,
350 601 693 664 corporalem
729 600 891 652 simul
926 607 980 652 et
1012 602 1387 665 temporalem,
1425 602 1775 665 corruptibile
1808 609 1892 654 est

211 681 264 727 et
295 675 542 727 mortale.
587 675 934 727 Conveniunt
968 690 1186 739 quoque
1218 677 1303 726 his
1337 682 1389 727 et
1423 691 1563 739 quae
1589 691 1622 726 a
1654 676 1891 741 Moyse

213 750 358 800 dicta
401 755 542 802 sunt.
597 749 950 801 Sensibilium
993 752 1193 801 etenim
1236 752 1647 814 generationem
1693 751 1892 802 descri-

211 825 345 875 bens
375 824 583 874 nullam
615 825 668 874 in
701 838 765 875 ea
794 825 1233 888 intellegibilium
1264 825 1558 876 manifeste
1589 826 1776 888 posuit
1799 839 1893 876 na-

212 904 405 950 turam.
448 898 556 949 Sed
589 905 846 962 putantes
880 899 1103 963 quidam
1134 900 1239 950 hoc
1271 901 1526 958 sentiunt,
1559 900 1757 963 quibus
1782 911 1891 950 non
1919 906 1962 941 1⁰

214 987 405 1024 omnes
434 974 781 1024 conveniunt.
821 972 877 1024 Si
906 988 1038 1024 vero
1067 975 1189 1037 quis
1218 988 1285 1025 ex
1314 988 1395 1032 e0,
1419 974 1567 1037 quod
1597 980 1724 1037 post
1749 974 1894 1037 plas-

214 1048 511 1099 mationem
544 1048 790 1111 corporis
821 1048 1131 1099 immittitur
1162 1049 1360 1106 anima,
1393 1049 1590 1100 dixerit
1622 1053 1749 1111 post
1780 1062 1905 1099 cor--

215 1136 319 1184 pus
349 1136 473 1172 eam
507 1122 644 1180 fieri,
679 1122 926 1185 peccabit
957 1137 989 1172 a
1021 1123 1266 1174 veritate.
1311 1122 1502 1186 Neque
1528 1124 1672 1174 enim
1706 1122 1895 1190 Moy-

215 1210 324 1247 ses
369 1202 496 1248 tunc
537 1210 661 1247 eam
708 1197 869 1247 condi
915 1197 1095 1254 refert,
1142 1211 1263 1247 cum
1308 1198 1524 1260 corpori
1564 1197 1888 1255 immittitur,

216 1285 391 1333 neque
425 1270 728 1322 secundum
763 1272 1031 1322 rationem
1069 1272 1146 1321 sic
1177 1271 1423 1322 habetur.
1470 1270 1526 1322 Si
1560 1271 1726 1334 igitur
1752 1284 1896 1322 mor·
1922 1277 1964 1312 15

217 1344 381 1396 talem
416 1359 536 1396 eam
574 1346 772 1396 dixerit
805 1345 957 1396 velut
989 1345 1451 1404 AristoteleS,
1489 1346 1580 1408 qui
1616 1345 1747 1396 dicit
1774 1359 1895 1396 eam

216 1419 270 1469 in
299 1433 527 1482 corpore
557 1420 723 1478 nasci,
753 1425 806 1470 et
833 1425 893 1471 ut
921 1419 1168 1478 Stoici,
1199 1421 1290 1482 qui
1315 1420 1502 1471 dicunt
1531 1420 1896 1471 substantiam

216 1495 613 1557 incorpoream,
660 1494 949 1557 prohibeto
998 1494 1176 1544 dicere
1223 1495 1276 1543 in
1323 1508 1551 1557 corpore
1599 1493 1896 1552 conditam,

216 1582 283 1619 ne
324 1568 485 1619 nobis
528 1568 754 1620 accedat
796 1569 985 1632 opinio
1028 1568 1276 1619 mortalis
1320 1569 1538 1619 animae
1580 1574 1634 1619 et
1670 1569 1895 1619 omnino

216 1642 667 1708 irrationa[bi]lis.
718 1642 782 1694 Et
819 1642 990 1700 aliter,
1032 1643 1334 1694 secundum
1372 1642 1609 1694 eundem
1649 1642 1895 1693 nondum
1919 1647 1966 1683 2⁰

218 1716 459 1780 repletus
494 1723 579 1768 est
615 1717 870 1776 mundus,
909 1717 1005 1768 sed
1044 1717 1380 1780 semiplenus
1416 1731 1563 1788 nunc
1597 1722 1650 1768 et
1681 1731 1897 1779 semper

218 1791 569 1854 appositione
594 1791 864 1854 indigens.
902 1791 1010 1843 Sed
1037 1792 1327 1854 quinquies
1351 1791 1503 1842 milia
1527 1797 1587 1842 ut
1611 1791 1897 1842 minimum

220 1866 651 1917 substantiarum
686 1866 1124 1929 intellegibilium
1161 1871 1496 1928 unoquoque
1533 1865 1621 1916 die
1655 1865 1799 1916 fiunt
1832 1866 1897 1923 ei,

217 1945 271 1991 et
299 1939 447 2003 quod
476 1945 559 1991 est
587 1940 841 1998 deterius,
870 1940 1092 2002 quando
1121 1940 1387 2003 expletur,
1415 1945 1543 1990 tunc
1564 1938 1899 1992 dissolvetur

292 2089 309 2130 l
347 2090 406 2130 ad
436 2091 532 2130 virt.
566 2092 611 2131 et
642 2101 669 2130 a
700 2091 776 2130 vit.
809 2086 875 2139 (h.
909 2086 972 2139 ο.)
1003 2090 1037 2130 Α
1218 2092 1332 2141 post
1360 2090 1457 2130 virt.
1490 2091 1535 2130 d.
1561 2091 1590 2130 ἰ.
1616 2101 1658 2130 υ.
1689 2085 1778 2127 οὐκ
1806 2084 1899 2138 ἄρα

214 2145 404 2198 ἀριθμὸς
434 2146 462 2198 ἡ
497 2144 624 2198 ψυχή
852 2149 878 2189 2
910 2150 984 2190 tal.
1018 2152 1123 2190 sunt
1155 2150 1212 2190 de
1245 2149 1399 2190 anima
1429 2145 1495 2197 (h.
1528 2145 1592 2197 ο.)
1624 2149 1663 2189 Ρ
1811 2147 1898 2188 Eu-

214 2210 396 2249 nomius
427 2208 507 2249 PA
548 2208 836 2249 Democritus
867 2209 904 2249 Β
1083 2209 1283 2249 animam
1316 2206 1446 2249 diffisi
1479 2204 1588 2257 (hoc
1618 2203 1742 2258 ord.)
1771 2207 1811 2248 B

215 2267 240 2308 3
269 2270 383 2319 post
405 2268 636 2309 conditam
663 2269 706 2308 d.
734 2269 761 2308 ἰ.
788 2280 828 2309 υ.
855 2262 1163 2318 (υμφωνήεαε
1181 2288 1236 2294 -
1255 2262 1540 2306 διδαεκαλίαε
1668 2265 1695 2306 4
1727 2266 1838 2316 quid
1862 2266 1898 2307 Β

274 2329 497 2377 temperet
527 2326 610 2368 AB
742 2327 767 2366 5
801 2330 882 2368 ort.
915 2327 1020 2368 hab.
1056 2329 1238 2378 transp.
1270 2327 1305 2367 A
1443 2326 1477 2366 6
1502 2325 1783 2375 corporalem
1815 2324 1895 2366 PA

214 2386 511 2436 temporalem
528 2387 566 2427 Β
672 2387 969 2436 temporalem
987 2388 1026 2427 Ρ
1055 2386 1306 2436 temporale
1339 2381 1413 2434 (ex
1437 2384 1672 2434 corporale
1697 2381 1836 2435 corr.)
1861 2383 1896 2424 A

215 2445 465 2495 temporale
498 2449 543 2486 et
573 2446 610 2486 Β
747 2446 771 2485 7
805 2449 851 2486 et
883 2446 1071 2486 mortale
1102 2446 1185 2486 ΡΒ
1217 2444 1404 2486 mortale
1437 2446 1506 2485 est
1535 2443 1570 2484 A
1694 2443 1720 2483 9
1754 2444 1896 2484 mani-

213 2504 373 2545 festam
391 2505 428 2546 Β
550 2503 604 2545 10
629 2505 814 2555 quidem
830 2505 914 2546 AB
989 2505 1077 2546 hoc
1103 2506 1150 2545 ἰη
1175 2505 1291 2546 haec
1314 2505 1425 2544 mut.
1444 2495 1503 2543 Ρ*
1604 2501 1771 2543 10-11
1800 2513 1896 2544 non

215 2575 376 2605 omnes
401 2575 485 2614 eqo
512 2560 587 2614 (οὐ
604 2560 791 2614 πάντες)
817 2575 904 2606 nos
930 2560 946 2613 (
953 2576 1042 2615 pro
1068 2562 1154 2605 rios
1172 2580 1227 2594 =
1245 2574 1339 2604 non
1364 2573 1526 2603 omnes
1545 2563 1598 2602 ut
1613 2558 1782 2612 vid.)1³
1803 2571 1898 2603 non

214 2623 250 2662 B
274 2634 362 2663 om.
379 2622 414 2663 A
541 2622 589 2663 11
627 2621 747 2674 quis]
782 2625 859 2674 qui
883 2623 918 2664 A
1041 2623 1094 2664 13
1127 2623 1334 2673 peccavit
1357 2621 1440 2662 AB
1570 2620 1623 2660 14
1656 2621 1794 2663 condi
1817 2620 1901 2662 ΡΒ

215 2681 337 2722 credi
367 2681 402 2722 A
587 2682 640 2722 15
673 2693 760 2724 nec
792 2683 829 2723 Β
957 2683 1092 2733 igitur
1121 2682 1201 2724 PA
1234 2691 1343 2731 ergo
1374 2680 1413 2721 B
1579 2679 1633 2719 16
1664 2679 1789 2721 velut
1819 2679 1901 2721 PB

215 2743 263 2781 ut
293 2740 327 2780 A
483 2740 535 2781 17
569 2745 614 2783 et
645 2753 733 2783 om.
766 2743 804 2783 Β
890 2745 1005 2793 post
1035 2742 1193 2783 dicunt
1224 2741 1336 2782 add.
1368 2750 1473 2781 esse
1503 2739 1542 2780 Β
1709 2738 1764 2780 18
1795 2748 1898 2788 pro-

216 2800 373 2840 hibeto
405 2799 478 2840 Ho
511 2800 735 2850 prohibeo
767 2800 895 2842 ΡΑΒ
1058 2801 1113 2841 20
1145 2799 1416 2841 irrationalis
1449 2810 1534 2849 eqo
1568 2797 1900 2839 inrationabilis

216 2854 391 2957 6ιῖ.ἱέ
423 2858 507 2958 ΞΒ
538 2870 635 2901 non
667 2860 912 2902 materialis
941 2860 976 2901 A
1108 2859 1164 2901 23
1196 2857 1529 2909 intelligibilem
1560 2856 1595 2898 A
1718 2855 1774 2897 24
1806 2856 1900 2899 dis-

216 2927 270 2957 so
287 2926 318 2956 v
386 2927 406 2956 r
