1982 3172
602 66 686 112 DE
720 64 1076 112 ELEMENTIS
1113 63 1251 111 CAP.
1277 63 1320 108 V
1742 69 1798 117 71

122 207 364 259 futurum
386 212 469 256 est
496 204 699 262 dolere,
727 204 779 253 in
808 202 1212 267 permutatione
1239 201 1360 252 fieri
1389 215 1510 251 cum
1534 199 1804 251 sensibili-

121 287 245 333 tate.
278 279 388 331 Sed
420 280 463 331 si
494 294 662 329 unum
695 284 841 330 esset
870 278 1217 335 elementum,
1246 290 1356 327 non
1382 280 1543 333 esset,
1573 274 1627 324 in
1654 274 1802 337 quod

120 360 535 420 permutaretur.
594 354 716 404 Non
765 358 1135 416 permutatum
1182 356 1382 408 autem,
1430 349 1528 401 sed
1574 362 1804 400 manens
1865 362 1868 367 ·

118 431 170 480 in
204 430 417 486 eodem,
456 443 566 479 non
605 428 831 485 doleret,
869 434 923 479 et
962 428 1006 478 si
1043 432 1190 477 esset
1225 425 1502 477 sensibile.
1563 423 1802 475 Necesse

71 510 198 556 sest
229 511 429 561 autem,
467 504 615 567 quod
652 504 871 566 patitur,
907 502 976 553 ab
1011 501 1199 564 aliquo
1235 501 1364 564 pati.
1408 499 1517 551 Sed
1555 499 1600 550 si
1631 513 1800 549 unum

115 585 261 630 esset
285 579 633 636 elementum,
663 591 772 629 non
801 582 949 628 esset
979 576 1089 627 alia
1119 575 1356 639 qualitas
1388 579 1603 638 praeter
1630 572 1804 637 quali-

118 660 283 705 tatem
326 654 490 703 unius
534 652 804 710 elementi,
849 652 951 702 sub
997 666 1105 714 qua
1150 656 1429 714 pateretur
1472 648 1693 699 animal.
1746 647 1802 699 Si

117 729 282 791 igitur
301 741 401 779 nec
426 727 724 790 permutari
748 740 850 777 nec
875 726 987 788 pati
1014 731 1219 788 posset,
1246 724 1529 788 quomodo
1551 723 1802 775 doleret?

117 801 429 853 Ostendens
486 802 652 865 igitur
710 801 815 851 hoc
871 800 1217 863 impossibile
1271 799 1341 849 ad
1399 797 1799 861 indulgentiam
1838 804 1893 845 42

53 889 95 926 ιο
118 876 387 927 conducit.
421 875 508 933 „Si
534 889 668 926 vero
694 881 750 926 et
778 874 1065 932 doluisset,
1094 888 1262 924 unum
1292 879 1439 924 esset
1463 874 1802 928 sanativum;

114 964 258 1001 nunc
277 955 460 1001 autern
489 963 599 1001 non
626 955 710 1001 est
736 964 906 1000 unum
936 950 1265 1006 sanativum,
1294 948 1392 999 sed
1416 947 1637 999 multa.“
1677 947 1798 998 Non

114 1025 280 1088 igitur
304 1038 474 1074 unum
506 1030 622 1075 erat
650 1024 834 1075 homo.
953 1023 1062 1075 Sed
1094 1037 1162 1074 ex
1193 1023 1393 1086 quibus
1420 1022 1802 1086 unusquisque
1838 1028 1891 1069 43

113 1098 308 1149 horum
355 1099 635 1162 propriam
682 1098 906 1149 molitur
951 1098 1175 1150 firmare
1223 1098 1546 1156 doctrinam,
1592 1111 1660 1148 ex
1716 1097 1802 1147 his

114 1174 350 1224 maxime
373 1179 749 1225 monstrantur
778 1173 869 1223 1111
896 1187 1020 1224 esse
1049 1172 1336 1224 elementa.
1388 1172 1599 1223 Etenim
1628 1171 1801 1222 Tha·
1837 1178 1889 1218 44

48 1259 90 1295 ¹5
114 1247 214 1298 les
241 1261 441 1311 aquam
477 1248 652 1298 solam
687 1248 874 1298 dicens
908 1261 1030 1299 esse
1062 1247 1394 1298 elementum
1428 1247 1617 1299 nititur
1647 1261 1801 1297 mon-

114 1328 286 1373 strare
313 1323 414 1373 tria
445 1322 553 1372 alia
583 1323 652 1373 ab
683 1323 786 1373 hac
815 1322 953 1373 fieri.
996 1322 1254 1373 Sedimen
1282 1336 1520 1385 namque
1551 1323 1670 1372 eius
1697 1327 1800 1372 ter-

114 1411 228 1447 ram
260 1396 381 1447 fieri
415 1402 483 1454 et,
519 1397 666 1459 quod
704 1397 974 1454 subtilius,
1010 1411 1208 1455 aerem,
1242 1397 1385 1448 aeris
1418 1410 1639 1460 quoque
1674 1396 1800 1447 sub-

113 1470 261 1522 tilius
283 1471 482 1534 ignem.
530 1471 1003 1522 Anaximenes
1027 1485 1162 1522 vero
1191 1485 1372 1522 aerem
1402 1471 1583 1523 solum
1613 1471 1800 1522 dicens
1836 1478 1889 1517 45

110 1550 163 1596 et
189 1545 277 1596 hic
309 1546 558 1598 similiter
587 1547 778 1598 nititur
811 1546 1103 1597 ostendere
1136 1546 1246 1596 alia
1276 1546 1548 1597 elementa
1578 1546 1646 1596 de
1673 1560 1798 1597 aere

43 1619 271 1670 zofacta.
330 1619 738 1671 Heraclitus
777 1627 961 1672 autem
1000 1627 1054 1671 et
1093 1620 1544 1684 Hipparchus
1584 1620 1799 1672 Meta·
1835 1627 1889 1668 46

111 1695 449 1757 pontinus
482 1695 664 1758 ignem
703 1695 882 1746 solum
921 1695 1165 1747 dicentes
1202 1695 1288 1746 his
1323 1695 1534 1747 eisdem
1571 1701 1798 1747 utuntur

111 1768 546 1831 probationibus.
602 1769 681 1820 Ex
726 1770 812 1821 his
858 1771 1025 1834 igitur
1072 1771 1161 1822 isti
1211 1770 1400 1822 dicunt
1445 1771 1627 1834 ignem
1674 1784 1796 1822 esse
1833 1778 1886 1817 47

110 1842 343 1893 aliorum
381 1843 777 1895 elementorum
820 1845 1200 1908 generativum
1241 1851 1293 1896 et
1334 1845 1671 1907 reliquorum
1712 1845 1798 1895 hic

112 1916 332 1979 quidem
355 1931 571 1981 aquam,
599 1917 689 1968 ille
714 1932 850 1969 vero
875 1933 1073 1970 aerem.
1112 1919 1219 1970 Sed
1247 1919 1551 1971 eorundem
1574 1921 1797 1971 rationi-

43 2003 88 2038 25
111 1991 214 2042 bus
272 1991 595 2050 ostenditur,
657 1993 806 2056 quod
865 1995 1051 2044 omnia
1096 1994 1369 2046 elementa
1415 2000 1797 2058 permutantur

111 2065 435 2116 adinvicem.
489 2066 759 2118 Omnibus
803 2082 935 2119 vero
979 2069 1289 2120 adinvicem
1336 2070 1661 2132 permutatis
1706 2084 1797 2120 ne-

109 2246 191 2287 erit
222 2246 498 2288 elementum
533 2258 626 2288 non
660 2249 754 2295 erit,
795 2249 840 2289 in
875 2260 966 2299 quo
1001 2253 1340 2299 permutaretur.
1403 2249 1513 2292 Non
1544 2253 1801 2300 permutant

109 2309 260 2348 autem
285 2306 319 2347 A
417 2306 436 2347 1
474 2308 861 2356 permutacionem
886 2309 924 2350 B
1019 2309 1135 2350 5—6
1167 2309 1260 2351 Sed
1292 2311 1330 2351 si
1363 2311 1500 2352 etiam
1534 2321 1674 2350 unum
1707 2310 1801 2351 ele-

111 2369 310 2406 mentum
351 2377 445 2407 non
478 2362 535 2419 ξᾷ
575 2363 700 2415 (esse
732 2369 822 2408 del.
855 2370 901 2409 et
931 2369 1015 2409 erit
1044 2380 1275 2421 superscr.
1309 2382 1367 2411 m.
1398 2375 1426 2410 2
1458 2372 1509 2411 ut
1541 2366 1654 2420 oid.)
1688 2381 1800 2420 qua-

109 2423 211 2465 litas
242 2425 276 2466 A
431 2426 455 2466 7
488 2424 640 2476 unius]
677 2434 721 2466 ϊ
755 2423 830 2475 (=
850 2428 896 2468 id
929 2426 1017 2478 est)
1050 2429 1085 2470 A
1150 2430 1316 2479 patitur
1345 2429 1380 2471 A
1534 2429 1560 2470 8
1595 2429 1802 2479 dolerent

111 2479 161 2531 (n
192 2485 281 2525 del.
313 2497 371 2525 m.
406 2490 426 2526 1
461 2488 514 2527 ut
545 2484 657 2536 vid.)
691 2487 730 2527 Ρ
852 2486 900 2527 11
937 2499 1077 2528 unum
1110 2501 1200 2530 om.
1232 2489 1266 2530 A
1394 2488 1448 2530 13
1480 2489 1674 2530 formare
1706 2489 1743 2530 B

115 2541 168 2582 14
200 2539 518 2598 monstraturss
548 2542 615 2595 (in
649 2543 790 2596 eras.)
824 2545 881 2586 111
913 2558 1019 2588 esse
1049 2548 1280 2589 elementa
1311 2542 1371 2589 Ρι
1403 2561 1522 2590 corr.
1547 2542 1607 2589 P*
1632 2550 1685 2589 ut
1708 2550 1800 2589 vid.

113 2601 215 2642 ·1111·
249 2613 352 2645 esse
384 2605 517 2646 elem.
551 2609 715 2647 monst.
749 2605 833 2647 AB
864 2603 930 2655 (h.
963 2603 1028 2656 ο.)
1152 2606 1205 2648 15
1238 2619 1405 2657 aquam
1438 2609 1523 2650 sol.
1557 2610 1739 2659 transp.
1765 2609 1798 2650 A

171 2662 249 2701 nit.
268 2681 323 2689 —
344 2662 397 2704 16
428 2665 511 2705 tria
535 2674 560 2703 *
587 2661 727 2715 (eras.
755 2663 787 2715 l)
821 2666 911 2706 alia
943 2669 1107 2707 monst.
1141 2663 1207 2716 (h.
1234 2664 1297 2717 o.)
1329 2667 1364 2708 A
1499 2667 1552 2708 16
1585 2668 1674 2708 hoc
1705 2669 1744 2709 Β

111 2719 346 2771 Sedimen]
381 2722 438 2774 de
469 2725 646 2777 semine
678 2727 724 2766 et
754 2737 900 2776 supra
934 2737 990 2767 ea
1021 2726 1105 2767 sed
1137 2726 1292 2767 limum
1325 2726 1359 2768 A
1536 2727 1587 2768 21
1624 2728 1799 2770 eisdem

111 2791 200 2821 om.
232 2779 267 2821 A
427 2782 482 2824 23
515 2784 572 2825 al.
604 2795 710 2826 esse
741 2796 847 2835 gen.
881 2785 1014 2826 elem.
1046 2781 1113 2833 (h.
1147 2782 1211 2836 ο.)
1242 2786 1280 2827 Β
1400 2788 1712 2837 generativum
1748 2801 1802 2830 ex

111 2850 283 2889 genera
314 2843 486 2883 tantum
519 2843 552 2884 A
618 2844 663 2884 hi
695 2844 729 2885 A
871 2844 924 2884 24
959 2845 1034 2886 ille
1067 2856 1174 2886 vero
1208 2846 1247 2886 Ρ
1276 2846 1340 2886 illl
1374 2858 1480 2887 vero
1515 2847 1546 2887 A
1584 2859 1672 2888 om.
1706 2848 1742 2888 B

111 2900 361 2941 eorundem
396 2897 497 2949 (run
530 2904 577 2943 ἱη
612 2901 726 2952 ras.)
760 2904 799 2944 Ρ
1796 2894 1800 2900 ’
