1982 3172
598 81 683 127 DE
715 80 958 126 TIMORE
993 79 1130 126 CAP.
1158 80 1265 125 XXI
1682 86 1782 135 105

693 245 810 312 DE
859 245 1188 312 TlMORE
1804 318 1865 367 21

181 383 458 434 Dividitur
489 397 621 433 vero
660 383 821 434 timor
857 383 908 431 in
947 395 1068 433 sex:
1104 382 1156 431 in
1194 396 1372 433 ocnon
1405 382 1461 431 id
1493 387 1575 432 est
1612 382 1780 444 pigri·
1821 389 1837 429 1

94 459 224 508 tiam
259 464 314 509 et
353 458 404 507 in
442 457 832 508 verecundiam
871 463 924 508 et
961 457 1015 507 in
1054 457 1452 519 turpitudinem
1486 462 1541 507 et
1575 456 1628 505 in
1669 461 1781 506 stu-

94 546 283 596 porem
324 538 379 583 et
422 533 474 582 in
518 532 997 582 obumbrationem
1040 537 1094 582 et
1136 532 1190 581 in
1234 531 1635 594 fatigationem.
1687 529 1781 581 Est
1819 539 1843 578 2

48 622 71 658 5
93 612 275 658 autern
308 621 478 658 ocnos
513 606 568 656 id
599 612 686 658 est
720 607 942 669 pigritia
977 607 1140 656 timor
1173 606 1392 656 futurae
1424 606 1779 668 operationis,

94 687 288 745 stupor
318 687 502 732 autem
538 687 621 732 est
654 682 820 732 timor
853 695 919 731 ex
955 694 1158 743 magna
1191 681 1555 743 apparitione,
1588 680 1781 731 obum-

94 756 271 807 bratio
300 762 383 807 est
416 757 579 807 timor
607 770 677 806 ex
709 755 933 806 insolita
965 756 1329 818 apparitione,
1363 754 1619 818 fatigatio
1647 768 1781 805 vero

93 836 176 881 est
202 831 365 882 timor
396 844 463 880 ex
493 836 709 888 eventu,
741 830 847 880 hoc
876 836 960 881 est
990 831 1153 880 timor
1179 829 1560 887 adversitatis;
1588 830 1781 880 timen-

93 911 175 956 tes
201 918 441 968 namque
473 905 866 955 adversitatem
900 905 1174 954 incurrere
1208 904 1548 966 operationis
1582 903 1782 967 fatiga-

29 994 71 1029 ιο
94 993 229 1030 mur.
264 979 611 1030 Verecundia
641 993 774 1030 vero
805 984 888 1029 est
920 980 1082 1030 timor
1113 980 1167 1028 in
1198 979 1613 1042 exspectatione
1640 979 1782 1029 vitu-

94 1054 245 1117 perii.
286 1053 482 1104 Melior
515 1068 647 1104 vero
679 1059 762 1104 est
796 1054 933 1104 haec
966 1054 1153 1116 passio
1187 1053 1428 1117 reliquis,
1470 1052 1781 1116 Turpitudo

93 1142 226 1179 vero
259 1134 345 1180 est
384 1129 546 1180 timor
583 1129 636 1178 in
677 1128 824 1179 malo
865 1128 1012 1179 facto
1051 1142 1229 1191 neque
1266 1134 1449 1179 tamen
1486 1128 1781 1191 desperato

95 1203 167 1253 ad
213 1202 593 1254 salvationem.
652 1203 710 1253 ln
754 1203 860 1254 hoc
903 1209 1088 1254 autem
1137 1202 1329 1254 differt
1373 1203 1709 1253 verecundia
1751 1217 1785 1252 a
1821 1210 1846 1251 3

92 1278 453 1341 turpitudine,
474 1278 623 1341 quod
648 1278 825 1340 turpis
850 1277 1207 1328 confunditur
1233 1292 1332 1340 pro
1356 1277 1458 1336 his,
1483 1291 1624 1340 quae
1640 1277 1785 1335 fecit,

32 1365 75 1402 15
96 1352 477 1404 verecundans
503 1358 687 1403 autem
720 1353 873 1404 timet
903 1353 1176 1403 incurrere
1207 1352 1450 1416 aliquam
1482 1346 1786 1402 infamiam.

99 1430 208 1482 Sed
234 1432 487 1495 antiqui
516 1431 833 1482 multotiens
860 1431 1046 1482 dicunt
1073 1437 1124 1482 et
1147 1431 1538 1482 verecundiam
1566 1432 1790 1494 turpitu-

99 1501 283 1552 dinem
307 1507 360 1552 et
389 1501 786 1565 turpitudine-m
812 1502 1205 1552 verecundiam
1235 1502 1525 1553 abutentes
1554 1502 1788 1558 nomini-

98 1575 217 1627 bus.
254 1576 338 1627 Fit
367 1582 553 1628 autem
583 1577 746 1627 timor
778 1590 874 1640 per
904 1576 1359 1640 infrigdationem
1391 1577 1560 1628 totius
1589 1576 1787 1628 caloris
1824 1583 1850 1623 4

101 1651 474 1702 concurrentis
509 1650 582 1701 ad
623 1665 729 1709 cor,
766 1651 920 1702 velut
958 1651 1030 1702 ad
1071 1652 1389 1714 principem,
1430 1652 1789 1715 quemadmo-

35 1739 79 1775 20
102 1725 235 1776 dum
261 1726 524 1784 minister,
558 1740 681 1777 cum
714 1727 969 1784 timuerit,
1003 1726 1210 1790 refugit
1241 1726 1313 1777 ad
1346 1727 1667 1790 principem.
1708 1726 1790 1777 In·
1826 1733 1851 1773 5

104 1805 467 1851 strumentum
506 1814 639 1851 vero
682 1800 1009 1852 afflictionis
1049 1807 1135 1852 est
1177 1801 1512 1852 stomachus.
1565 1801 1669 1852 Hic
1708 1807 1792 1853 est

103 1874 248 1925 enim
272 1875 540 1926 tensionis
571 1876 826 1926 sensivus
855 1876 910 1925 in
940 1875 1360 1934 afflictionibus
1390 1882 1450 1927 ut
1479 1875 1749 1927 Galenu
1767 1892 1791 1927 s

104 1949 158 1999 in
178 1948 341 2000 tertio
369 1948 857 2001 demonstrationis
882 1951 958 2001 ait
985 1950 1198 2002 dicens:
1236 1947 1656 2015 ‘Affligentibus
1680 1965 1789 2002 non

101 2024 381 2075 modicum
403 2023 655 2075 cholerae
678 2025 881 2076 rubeae
906 2027 1108 2076 corruit
1132 2027 1185 2076 in
1210 2032 1474 2084 ventrem,
1499 2027 1647 2089 quod
1673 2033 1793 2078 ten--

179 2143 197 2184 1
244 2143 315 2186 De
354 2145 515 2187 timore
547 2145 586 2186 Ρ
615 2145 705 2187 *⁴¹2
733 2147 830 2197 fere
861 2148 953 2188 litt.
986 2147 1025 2188 B
1063 2159 1152 2189 om.
1185 2148 1220 2189 A
1263 2159 1411 2199 aeque
1450 2159 1508 2190 ac
1549 2154 1610 2198 72,
1630 2153 1682 2190 16

102 2203 127 2244 2
161 2200 332 2253 ocnon]
366 2215 483 2246 anos
513 2205 548 2246 A
613 2205 794 2256 pigritia
824 2207 888 2256 P,·
920 2208 1028 2249 inde
1060 2219 1090 2249 a
1123 2208 1352 2258 pigritiam
1384 2219 1507 2259 quae
1537 2210 1800 2260 sequuntur

102 2275 266 2305 rursus
297 2266 549 2306 servantur
580 2266 628 2306 in
661 2266 762 2307 cod.
798 2265 836 2308 C
965 2267 991 2308 3
1025 2269 1070 2308 et
1100 2267 1148 2307 in
1181 2268 1398 2309 omnibus
1431 2269 1548 2310 locis
1580 2279 1669 2310 om.
1702 2268 1740 2309 Β

102 2324 127 2364 5
161 2323 307 2365 ochos
341 2323 380 2366 C
408 2335 525 2366 anos
554 2324 589 2366 A
714 2326 1003 2375 apparitione
1035 2327 1075 2368 Ρ
1105 2327 1376 2376 operatione
1408 2328 1449 2368 D
1634 2328 1657 2367 7
1690 2338 1800 2369 vero

102 2395 191 2424 om.
224 2383 265 2424 D
421 2383 474 2424 10
506 2395 615 2426 vero
649 2396 738 2427 om.
770 2385 805 2426 A
954 2385 1004 2426 11
1038 2397 1148 2427 vero
1182 2398 1272 2428 om.
1303 2387 1342 2428 Β
1432 2387 1550 2428 haec
1582 2399 1672 2429 om.
1704 2387 1739 2428 A

106 2442 159 2483 12
190 2453 299 2484 vero
333 2455 422 2484 om.
454 2437 515 2485 Αι
545 2445 700 2496 suppl.
734 2438 795 2486 A*
927 2445 1169 2488 malefacto
1202 2446 1236 2487 A
1359 2448 1515 2488 tamen
1547 2458 1637 2489 om.
1670 2447 1711 2488 D

108 2501 161 2543 14
192 2499 353 2552 turpis]
386 2497 499 2551 tpris
526 2503 563 2546 C
685 2503 738 2544 15
771 2504 1010 2546 infantiam
1035 2506 1073 2547 B
1192 2505 1247 2546 16
1279 2509 1325 2547 et
1355 2507 1682 2548 verecundiam
1716 2518 1802 2559 390

103 2562 428 2604 verecundiam
453 2565 499 2610 et
524 2559 590 2614 (et
614 2564 703 2605 del.
723 2575 780 2605 m.
797 2569 824 2605 2
848 2566 902 2606 ut
924 2561 1038 2615 vid.)
1063 2565 1103 2606 Ρ
1197 2565 1378 2613 ,16-17
1406 2566 1732 2615 turpitudinem
1758 2569 1804 2608 et

105 2621 429 2670 turpitudinem
461 2624 785 2665 verecundiam
818 2624 858 2664 P
890 2625 1215 2674 turpitudinem
1248 2627 1293 2666 et
1325 2635 1351 2666 e
1384 2635 1608 2667 converso
1641 2626 1676 2667 A
1710 2638 1799 2668 om.

108 2679 188 2722 CB
363 2680 416 2722 18
448 2682 837 2733 intrigidationem
869 2684 907 2724 Β
1089 2683 1143 2725 19
1176 2694 1265 2725 con
1297 2686 1409 2726 ante
1441 2695 1552 2726 eurr.
1585 2697 1674 2727 om.
1706 2686 1745 2727 Β

105 2740 337 2790 quendam
367 2739 404 2781 A
558 2741 610 2783 21
647 2743 922 2784 astrictionis
955 2742 1037 2786 CB
1188 2743 1243 2784 22
1276 2745 1552 2786 intensionis
1583 2746 1621 2787 B
1713 2745 1803 2788 Ga-

106 2799 256 2841 lienus
288 2799 328 2840 P
366 2798 603 2844 Gallienus
635 2803 673 2844 Β
714 2802 768 2844 G.
801 2802 887 2845 AC
917 2815 1036 2845 corr.
1068 2802 1142 2844 Ho
1302 2803 1478 2844 23—24
1511 2815 1606 2846 non
1635 2802 1803 2847 imodi-

107 2868 212 2901 cum
242 2859 281 2900 Β
414 2859 471 2901 24
500 2859 724 2911 ventrem]
759 2863 1046 2904 stomachum
1079 2862 1115 2904 A
1193 2864 1321 2913 quod
1353 2865 1614 2906 tensionem
1647 2865 1695 2906 M
1727 2867 1805 2916 qui

108 2918 418 2960 intensionem
450 2920 488 2962 Β
