1982 3172
222 89 290 137 24
588 81 844 128 NEMESII
877 82 1193 128 PREMNON
1226 82 1550 129 PHYSICON

221 236 408 272 curus
448 224 502 270 et
534 219 714 270 omnis
748 218 1145 270 Stoicorum
1180 224 1329 271 secta
1361 220 1600 272 animam
1632 234 1755 273 esse
1784 235 1898 273 cor-

218 306 323 356 pus
345 292 603 344 fatentur.
637 292 702 343 Et
723 293 813 344 isti
837 293 985 344 idem
1005 293 1143 344 haec
1165 293 1408 345 dicentes
1428 293 1496 345 'de
1515 295 1636 346 eius
1653 296 1898 347 essentia

162 375 187 415 2
221 366 554 419 discordant.
588 366 814 418 Stoici
847 381 1084 430 namque
1119 367 1370 430 spiritum
1403 381 1525 419 eam
1558 369 1746 421 dicunt
1774 368 1902 420 cali-

217 441 349 492 dum
393 447 447 493 et
490 440 946 500 inflammantem,
991 441 1069 492 Cr
1085 442 1213 492 itia
1229 457 1254 492 s
1296 456 1429 494 vero
1474 444 1800 507 sanguinem
1841 449 1897 495 et

215 515 494 579 Hippon
555 515 923 579 philosophus
982 530 1200 579 aquam,
1260 516 1705 569 Democritus
1761 532 1894 569 vero
1945 524 1967 560 ⁵

215 590 415 654 ignem.
459 590 601 641 Nam
636 590 940 642 secundum
973 604 1098 642 eum
1131 591 1403 642 rotundae
1436 591 1652 655 figurae
1681 606 1751 644 ex
1777 598 1895 644 ato-

216 664 319 714 mis
341 663 697 727 compositae,
723 664 866 727 ignis
892 670 945 715 et
970 678 1078 722 aer,
1104 665 1343 715 animam
1360 664 1669 727 perficiunt.
1682 665 1730 715 H
1745 678 1775 716 e
1789 679 1814 716 r
1828 680 1862 716 a
1876 692 1894 702 -

216 738 389 790 clitu
405 753 430 790 s
486 744 671 790 autem
729 740 898 791 totius
955 740 1195 790 animam
1236 754 1502 802 vaporem
1544 754 1612 791 ex
1651 740 1895 792 humidis

216 812 513 872 dicit‚·eam
541 827 691 871 vero,
722 827 863 877 quae
892 820 976 865 est
1005 815 1060 864 in
1089 814 1436 873 animalibus,
1460 828 1529 865 ex
1559 827 1670 865 ano
1694 827 1894 878 genere

158 894 183 935 3
216 888 367 938 nasci
380 888 669 939 exterioris
682 888 978 951 vaporiset
991 889 1125 946 eiuS,
1146 889 1238 951 qui
1253 888 1476 951 inipsis.
1589 888 1898 952 Iterumque
1925 893 1967 929 ¹⁰

218 961 516 1013 dicentium
531 962 771 1012 animam
786 975 909 1013 esse
924 963 1305 1025 incorpoream
1321 963 1510 1026 inepta
1528 962 1677 1014 facta
1689 968 1774 1015 est
1788 963 1898 1014 dis·

216 1034 418 1086 cordia.
440 1035 551 1086 Alii
581 1049 819 1099 namque
849 1036 1213 1087 substantiam
1229 1049 1349 1086 eam
1365 1042 1419 1087 et
1432 1035 1799 1088 immortalem
1814 1035 1894 1086 di-

216 1116 357 1167 cunt,
388 1109 481 1160 alii
514 1122 648 1161 vero
663 1111 1060 1174 incorpoream,
1076 1110 1174 1161 sed
1188 1124 1288 1161 nec
1303 1110 1668 1162 substantiam
1682 1124 1784 1161 nec
1797 1110 1894 1161 im-

157 1191 182 1231 4
215 1183 520 1235 mortalem.
556 1183 770 1235 Thale
790 1199 815 1235 s
849 1190 1033 1236 autem
1070 1185 1280 1247 primus
1317 1185 1455 1236 dixit
1488 1185 1737 1235 animam
1759 1198 1897 1244 esse,

215 1257 364 1320 quod
385 1271 602 1322 semper
626 1264 709 1309 est
730 1258 934 1309 mobile
956 1264 1011 1309 et
1033 1272 1066 1308 a
1090 1271 1148 1309 se
1162 1258 1285 1321 ipso
1300 1258 1518 1309 mobile.
1539 1258 1579 1308 P
1596 1273 1630 1322 y
1644 1263 1664 1309 t
1679 1258 1713 1308 h
1728 1272 1761 1308 a
1774 1271 1859 1322 go
1875 1284 1894 1295 -
1916 1263 1966 1300 ¹¹5

214 1347 238 1383 r
252 1347 285 1383 a
299 1348 325 1384 s
350 1338 535 1397 autem
553 1333 631 1386 ait
641 1347 766 1385 esse
779 1347 1068 1384 numerum
1085 1347 1143 1385 se
1157 1334 1341 1397 ipsum
1354 1338 1683 1385 moventem.
1700 1332 1739 1383 P
1754 1332 1771 1382 l
1786 1347 1820 1384 a
1833 1319 1910 1384 td

212 1421 345 1459 vero
382 1407 560 1471 inquit
595 1421 718 1459 earn
756 1421 878 1459 esse
916 1408 1282 1460 substantiam
1320 1407 1734 1471 intellegibilem
1769 1421 1804 1458 a
1834 1421 1893 1459 se
1969 1471 1982 1477 -

212 1482 334 1545 ipsa
357 1481 617 1533 mobilem
643 1482 947 1533 secundum
969 1496 1258 1533 numerum
1285 1482 1717 1533 convenientem.
1740 1481 1893 1532 Ari-

215 1555 518 1606 stoteles
545 1569 679 1606 vero
712 1569 833 1606 eam
868 1556 999 1606 dicit
1028 1564 1152 1606 esse
1186 1555 1624 1618 „explementum
1657 1555 1894 1618 primum

212 1631 459 1694 corporis
518 1630 785 1682 naturalis
831 1630 1219 1694 officialisque‚
1263 1635 1538 1694 potestate
1580 1631 1751 1681 vitam
1796 1629 1891 1680 ha·
1920 1634 1965 1669 2⁰

215 1699 444 1755 bentis’'.
468 1702 514 1753 D
530 1704 594 1754 in
610 1717 642 1753 a
658 1717 681 1753 r
697 1718 724 1754 c
736 1703 771 1753 h
787 1718 821 1753 u
837 1718 862 1753 s
891 1717 1109 1766 quoque
1139 1705 1214 1754 ait
1242 1717 1364 1754 eam
1379 1717 1501 1754 esse
1518 1703 1891 1764 „harmoniam

214 1783 472 1840 quattuor
499 1777 945 1835 elementorum“,
979 1778 1083 1828 hoc
1114 1783 1197 1828 est
1230 1777 1646 1840 temperantiam
1680 1781 1733 1827 et
1765 1791 1890 1828 con-

212 1852 456 1903 cordiam
482 1852 895 1911 elementorum,
920 1866 1030 1903 non
1059 1858 1400 1904 constantem
1427 1866 1494 1903 ex
1519 1852 1765 1910 vocibuS,
1792 1851 1888 1903 sed

287 1957 305 1997 1
354 1969 519 2007 corpus
551 1969 641 1999 om.
669 1951 727 1999 C¹
758 1961 804 1998 et
834 1968 1001 2007 corpus
1030 1960 1143 2008 post
1174 1968 1247 1998 an.
1279 1969 1426 2008 supra
1459 1968 1575 1998 vers.
1610 1958 1721 1998 add.
1748 1949 1814 1998 C'
1843 1958 1896 1998 ut

210 2018 301 2058 vid.
382 2016 406 2056 2
438 2017 560 2058 idem
594 2017 683 2058 hoc
710 2015 790 2059 CB
822 2017 882 2067 hii
915 2017 1037 2058 idem
1062 2016 1095 2057 A
1162 2018 1286 2057 entia
1308 2016 1342 2057 A
1435 2015 1460 2056 3
1494 2016 1651 2057 dicunt
1681 2012 1848 2067 (supra
1878 2018 1895 2055 t

210 2088 330 2118 eras.
364 2073 432 2126 ur)
467 2075 506 2118 C
607 2075 634 2116 4
665 2073 791 2125 vero]
826 2087 1028 2125 namque
1058 2076 1092 2117 A
1157 2069 1225 2117 et²
1256 2087 1344 2116 om.
1376 2075 1415 2116 B
1527 2075 1554 2115 5
1586 2073 1775 2125 Hippon
1807 2085 1893 2126 eya

206 2146 366 2186 yppon
385 2134 426 2176 Ο
500 2135 526 2175 8
560 2138 711 2176 autem
737 2147 825 2176 om.
842 2135 880 2175 Β
940 2136 1078 2176 totius
1104 2146 1158 2176 ex
1180 2136 1288 2176 totis
1312 2146 1431 2176 corr.
1448 2127 1520 2181 1³²,
1553 2135 1662 2175 item
1685 2137 1896 2182 45,25.27

208 2200 270 2243 46,
291 2199 364 2243 ι7,·
397 2199 554 2244 69,26‚·
583 2199 649 2244 82,
669 2198 745 2243 10,·
777 2199 907 2244 107‚5
995 2195 1178 2235 animae
1208 2194 1242 2234 A
1330 2204 1387 2234 ex
1418 2193 1617 2234 humidis
1646 2203 1752 2242 vap.
1782 2189 1894 2242 (hoc

207 2251 330 2304 ord.)
353 2254 391 2294 Β
421 2265 526 2303 vap.
559 2265 616 2295 ex
649 2253 966 2294 humoribusA
1091 2253 1118 2293 9
1149 2264 1206 2294 ea
1229 2254 1266 2294 B
1347 2263 1457 2293 vero
1489 2263 1578 2293 om.
1601 2250 1636 2292 A
1723 2245 1890 2304 (uno)

207 2325 306 2364 290,
342 2306 579 2366 (eodem)
611 2313 698 2362 Ho,
732 2314 806 2354 cai
837 2314 1133 2354 coniecturae
1163 2314 1327 2354 obstat
1355 2323 1506 2352 sermo
1537 2311 1729 2361 interpr.
1762 2306 1890 2359 (ὁμο-

204 2369 344 2421 γενὴς
360 2388 415 2403 ==
434 2373 570 2413 unius
593 2373 776 2423 generis
800 2369 1092 2422 constanter)
1148 2371 1219 2411 ·10
1250 2372 1377 2412 nasci
1394 2379 1419 2407 *
1439 2366 1488 2419 (ᾗ
1513 2381 1634 2411 eras.
1658 2365 1771 2420 vid.)
1794 2369 1835 2410 Ρ

205 2442 421 2480 vaporem
455 2434 567 2472 ante
597 2432 780 2481 vaporis
812 2432 1027 2472 additum
1060 2432 1141 2472 lin.
1173 2432 1301 2481 infra
1324 2431 1465 2471 ducta
1490 2429 1579 2470 del.
1603 2421 1722 2469 1³¹⁴
1777 2431 1892 2480 post

206 2491 318 2539 ipsis
350 2492 461 2531 add.
495 2494 564 2531 est
594 2490 628 2530 A
754 2489 802 2530 11
839 2491 997 2539 inepta
1028 2493 1098 2531 est
1129 2489 1248 2531 facta
1279 2489 1391 2530 disc.
1414 2488 1449 2529 A
1487 2489 1645 2537 inepta
1675 2490 1745 2528 est
1776 2488 1888 2530 disc.

206 2549 325 2589 facta
343 2549 380 2590 C
401 2547 511 2598 (hoc
534 2546 657 2600 ord;)
681 2549 801 2590 iacta
823 2561 913 2590 om.
930 2550 968 2590 Β
1031 2549 1085 2589 12
1112 2560 1214 2590 eam
1239 2545 1300 2597 et]
1327 2558 1522 2596 eamque
1537 2546 1572 2587 A
1639 2545 1693 2586 14
1720 2545 1887 2589 Thales

205 2607 277 2648 Ho
309 2607 495 2649 Thalius
527 2605 749 2658 (Thallius
778 2605 836 2659 A)
869 2606 910 2650 Ο
974 2602 1005 2642 ll
1015 2608 1128 2650 dixit
1159 2601 1364 2657 “primus
1395 2602 1555 2656 (siyna
1586 2606 1755 2647 incer-s.
1787 2617 1831 2647 m
1864 2610 1884 2647 l

206 2668 317 2707 add.
342 2664 456 2717 vid.)
486 2667 526 2707 P
632 2667 685 2708 15
719 2671 789 2709 est
819 2668 942 2709 mob.
967 2669 1150 2718 transp.
1172 2666 1208 2708 A
1315 2663 1485 2705 16-17
1519 2665 1668 2713 ipsum
1701 2666 1749 2706 et
1775 2675 1884 2707 vero

206 2737 295 2766 om.
326 2726 364 2766 Β
427 2728 542 2776 post
570 2727 711 2768 intell.
743 2728 855 2768 add.
888 2730 933 2768 et
963 2726 997 2767 A
1103 2753 1106 2756 »
1181 2725 1236 2766 19
1265 2721 1390 2773 vero]
1425 2726 1575 2765 autem
1606 2723 1641 2764 A
1764 2723 1885 2773 expl.

206 2795 328 2833 corp.
361 2795 464 2825 esse
497 2796 562 2834 pr.
592 2782 702 2834 (hoc
725 2782 849 2834 ord.)
878 2786 913 2826 A
1027 2785 1083 2825 20
1115 2787 1273 2825 natura
1296 2784 1334 2824 Β
1446 2781 1495 2822 21
1532 2781 1788 2823 Dinarchus
1810 2781 1883 2823 Ho
1951 2777 1963 2790 ⁸

206 2837 498 2892 (Δείναρχος)
542 2843 778 2885 Denarcus
810 2843 878 2890 Ο.
919 2845 1004 2887 sed
1031 2845 1180 2895 paulo
1211 2843 1338 2894 infra
1381 2842 1624 2883 dinarchus
1654 2841 1694 2883 P
1734 2841 1882 2882 dinat-

205 2912 285 2943 cus
317 2902 356 2942 D
391 2899 531 2951 (idem
565 2905 838 2944 constanter
869 2905 1004 2962 codd.
1027 2899 1118 2954 By)
1208 2897 1410 2951 quoque]
1445 2911 1535 2950 que
1558 2899 1591 2941 A
