1982 3172
119 89 635 140 DEVOLUNTARIO
656 90 732 136 ET
751 88 1243 136 INVOLUNTARIO
1264 87 1403 135 CAP.
1414 87 1634 134 XXVIIII
1712 95 1814 145 109

122 232 192 281 ab
219 229 464 280 inferiori
496 234 654 292 parte
682 226 973 278 medullae.
1018 227 1159 276 Nam
1193 232 1398 290 quanto
1430 226 1556 288 plus
1584 225 1809 288 elonga-

122 311 208 356 tur
236 318 270 354 a
303 303 526 354 cerebro
560 302 791 366 spinalis
825 300 1085 359 medulla,
1121 306 1273 352 tanto
1308 300 1434 363 plus
1465 300 1656 351 durior
1682 299 1808 350 effi-

123 380 260 430 citur
299 391 358 429 se
399 379 546 441 ipsa;
588 379 667 428 sic
707 391 927 440 quoque
968 382 1021 427 et
1061 377 1214 426 nervi
1254 375 1323 426 ab
1360 375 1463 425 hac
1503 380 1809 425 nascentes.

121 452 228 504 Sed
263 451 732 516 quemadmodum
770 465 966 502 sensus
1002 450 1252 514 duplices
1288 451 1611 512 recepimuS,
1647 450 1726 499 sic
1758 455 1810 499 et
1850 458 1903 498 10

73 534 273 579 sortus
317 526 689 578 membrorum
737 526 986 589 duplices
1046 525 1356 575 habuimus.
1414 525 1807 587 Unusquisque

119 603 263 652 enim
302 601 612 666 spondylus
653 602 848 663 spinae
883 615 983 663 par
1021 613 1317 651 nervorum
1357 614 1389 650 a
1428 613 1486 650 se
1521 599 1720 650 emittit
1753 605 1808 649 et

123 690 266 727 unus
296 676 519 739 quidem
555 675 730 727 tendit
761 674 833 726 ad
870 675 1064 726 dextra
1097 675 1344 725 membra
1377 675 1641 737 corporis,
1673 673 1811 724 alter

119 757 303 802 autem
332 750 404 801 ad
436 751 671 801 sinistra.
717 750 923 801 Notum
957 755 1040 800 est
1071 754 1271 806 autem,
1301 748 1451 811 quod
1480 753 1656 798 totum
1691 761 1807 798 cor·
1849 757 1897 797 11

123 839 228 888 pus
264 831 516 876 nostrum
558 826 613 874 in
655 825 766 875 duo
810 824 1100 881 dividitur;
1142 824 1195 873 in
1238 824 1433 875 dextra
1470 829 1525 874 et
1562 823 1809 879 sinistra;

54 914 97 950 10
122 900 201 950 sic
229 906 284 951 et
319 898 491 963 pedes
524 906 579 951 et
615 913 828 957 manuS,
866 900 943 949 sic
978 898 1212 948 aliorum
1247 897 1700 960 unumquodque,
1743 902 1819 951 sic

121 974 287 1025 etiam
320 987 531 1025 sensus.

192 1165 309 1232 DE
358 1164 905 1234 VOLUNTARIO
957 1165 1061 1231 ET
1111 1164 1746 1233 lNVOLUNTARIO
1839 1239 1909 1288 29

206 1301 349 1357 Quia
381 1315 515 1352 vero
553 1302 875 1353 multotiens
911 1302 1262 1352 meminimus
1300 1301 1599 1352 voluntarii
1636 1308 1691 1352 et
1728 1303 1806 1351 in·
1847 1312 1866 1350 1

127 1376 438 1434 voluntarii,
482 1390 708 1427 necesse
750 1382 835 1428 est
880 1376 948 1426 de
992 1376 1079 1426 his
1124 1377 1379 1439 incipere,
1424 1382 1484 1427 ut
1525 1377 1580 1426 in
1621 1390 1813 1426 eorum

54 1466 98 1500 15
122 1451 317 1502 notitia
340 1450 585 1514 perfecta
612 1465 722 1501 non
751 1465 1011 1501 erremus.
1052 1450 1161 1501 Sed
1191 1457 1411 1513 oportet
1437 1451 1716 1502 volentem
1750 1455 1819 1505 de

119 1524 435 1575 voluntario
455 1530 509 1575 et
531 1525 905 1576 involuntario
930 1525 1200 1576 disserere
1224 1527 1377 1588 prius
1402 1526 1624 1588 regulas
1649 1540 1811 1588 quas-

122 1599 250 1649 dam
271 1605 324 1650 et
350 1599 553 1650 indicia
578 1613 874 1663 apponere,
904 1614 999 1662 per
1027 1614 1168 1663 quae
1195 1600 1530 1658 dinoscatur,
1554 1600 1704 1663 quod
1729 1600 1809 1658 fit,

122 1675 238 1724 sive
276 1675 345 1725 sit
384 1673 759 1726 voluntarium
800 1676 917 1724 sive
957 1674 1407 1726 involuntarium.
1460 1674 1603 1731 Quia
1641 1676 1810 1738 igitur
1847 1684 1872 1724 2

122 1762 284 1798 omne
311 1747 686 1799 voluntarium
721 1750 774 1799 in
808 1756 932 1800 actu
968 1748 1210 1811 quodam
1243 1756 1343 1808 est,
1375 1750 1541 1801 etiam
1572 1755 1625 1800 et
1653 1751 1810 1800 invo-

52 1837 97 1872 20
125 1822 422 1872 luntarium
447 1823 502 1872 in
533 1830 658 1874 actu
690 1824 932 1886 quodam
964 1837 1089 1874 esse
1117 1825 1514 1875 monstrabitur
1543 1839 1655 1876 non
1683 1831 1811 1888 post

123 1895 374 1947 multum.
421 1895 660 1953 Quidam
700 1904 884 1949 autem
923 1898 1041 1957 hoc,
1082 1899 1231 1961 quod
1270 1896 1399 1949 vere
1436 1906 1521 1950 est
1556 1899 1811 1950 involun-

123 1972 338 2029 tarium,
366 1986 477 2022 non
511 1972 690 2022 solum
723 1974 776 2022 in
811 1974 939 2035 pati,
974 1973 1071 2024 sed
1102 1974 1269 2025 etiam
1297 1975 1353 2023 in
1381 1988 1546 2037 agere
1581 1982 1809 2036 ponunt.

123 2045 232 2096 Sed
267 2052 395 2096 ante
431 2046 541 2096 alia
578 2046 971 2097 diffiniendum
1007 2054 1107 2106 est,
1147 2048 1279 2111 quid
1318 2050 1387 2099 sit
1420 2055 1592 2100 actus,
1635 2050 1809 2100 Actus
1846 2057 1872 2098 3

122 2126 205 2171 est
248 2119 532 2171 rationalis
578 2122 844 2184 operatio,
899 2121 1266 2185 Operationes
1311 2130 1496 2174 autem
1542 2124 1664 2174 laus
1718 2124 1806 2174 vel

194 2272 212 2311 1
250 2272 464 2313 inferiore
498 2272 578 2314 CB
741 2274 766 2312 3
799 2285 850 2314 se
882 2286 972 2314 om.
1004 2275 1039 2315 A
1145 2278 1259 2326 post
1290 2286 1415 2316 nasc.
1448 2278 1560 2316 add.
1593 2278 1699 2316 sunt
1731 2276 1812 2316 du-

117 2331 257 2372 riores
288 2332 326 2372 B
447 2332 474 2371 4
507 2333 752 2382 recipimus
776 2333 860 2374 AB
992 2334 1018 2373 5
1053 2335 1356 2375 membrorum
1391 2334 1432 2376 Ο
1466 2346 1707 2377 nervorum
1739 2334 1812 2375 Ho

116 2386 350 2442 (νεύρων),
382 2393 511 2442 quod
542 2394 758 2442 exspect„
791 2393 874 2433 sed
906 2393 1038 2435 haud
1067 2395 1166 2434 scio
1199 2405 1262 2435 an
1297 2394 1451 2443 μερῶν
1482 2395 1651 2444 leyerit
1681 2395 1813 2446 Alfa-

116 2461 203 2491 nus
325 2451 352 2491 6
383 2451 639 2502 spondylus
672 2462 758 2501 eqo
790 2452 1033 2501 spondilus
1057 2452 1143 2494 PC
1173 2450 1283 2504 (139)
1316 2454 1577 2503 spondilius
1600 2454 1639 2494 Β
1670 2465 1812 2505 spon-

116 2509 272 2550 dillum
305 2510 341 2551 A
385 2510 674 2562 sphondylus
705 2510 778 2551 Ho
912 2523 993 2562 par
1023 2523 1263 2553 nervorum
1297 2513 1377 2554 PA
1424 2524 1504 2563 per
1537 2524 1619 2563 par
1650 2525 1810 2556 nervo-

117 2579 211 2608 rum
242 2569 280 2609 B
312 2580 392 2619 per
423 2581 588 2611 nervos
623 2569 659 2611 C
808 2572 983 2613 emlttet
1013 2572 1050 2612 Β
1082 2573 1215 2612 mittit
1245 2572 1285 2612 P
1487 2573 1511 2613 7
1545 2570 1625 2623 a(d
1655 2576 1810 2625 suppl.

115 2639 174 2668 m.
204 2626 250 2678 2)
282 2628 322 2669 P
486 2629 540 2670 10
572 2623 639 2671 et¹
671 2642 760 2671 om.
793 2630 875 2671 PA
1044 2631 1098 2671 12
1129 2631 1200 2672 De
1231 2632 1490 2672 voluntario
1523 2635 1569 2674 et
1600 2634 1810 2675 involun-

116 2687 230 2727 tario
253 2686 339 2729 PC
375 2688 458 2729 ”5
486 2690 583 2741 fere
614 2690 706 2731 litt.
739 2692 786 2730 et
816 2687 844 2738 §
877 2692 989 2731 ante
1016 2702 1152 2742 prox.
1186 2690 1307 2737 Quia
1337 2691 1372 2732 Α
1407 2691 1518 2732 *⁴16
1538 2693 1635 2743 fere
1658 2693 1749 2735 litt.
1775 2694 1812 2734 Β

178 2746 350 2788 13—14
378 2751 492 2799 post
521 2750 660 2791 invol.
685 2750 797 2791 add.
824 2753 974 2790 motus
998 2750 1033 2792 A
1137 2750 1190 2790 14
1223 2751 1270 2791 in
1302 2762 1391 2792 om.
1410 2751 1450 2792 D
1564 2752 1617 2792 15
1649 2753 1808 2794 volen-

115 2809 207 2846 tem
239 2817 328 2848 om.
359 2807 398 2847 Β
543 2808 596 2849 16
627 2809 934 2850 involuntario
966 2809 1013 2850 M
1045 2820 1141 2850 non
1170 2810 1428 2852 voluntario
1460 2812 1498 2852 Β
1638 2811 1809 2853 19-20

115 2868 185 2906 est
219 2885 271 2891 —
306 2867 507 2918 quodam
538 2879 628 2909 om.
660 2868 695 2909 Α
878 2868 931 2909 21
966 2879 1073 2910 vere
1104 2880 1194 2910 om.
1217 2870 1256 2910 Β
1378 2871 1728 2912 involuntarium
1764 2873 1808 2913 M

115 2925 416 2966 voluntarium
450 2927 486 2967 Β
607 2926 662 2967 23
691 2930 804 2979 post
837 2931 944 2969 ante
976 2930 1087 2970 add.
1122 2931 1278 2969 omnia
1310 2931 1346 2970 Β
