1982 3172
0 77 8 165 j
326 88 410 135 DE
444 87 527 136 eo
561 86 745 141 QUOD
780 87 845 135 IN
878 85 1072 134 Nossls
1106 86 1243 135 CAP.
1270 86 1534 134 xxxv1111
1671 95 1770 145 125

0 214 3 275 Ῐ
81 232 312 278 eventus
333 232 533 283 autem,
562 239 702 289 quae
729 232 855 276 sunt
884 239 1006 276 rara
1032 232 1086 276 et
1112 227 1405 289 insperata.
1442 224 1766 289 (Diffiniunt

0 296 3 315 ἶ
81 301 227 352 enim
281 306 539 352 eventum
597 302 1027 363 contingentiam
1068 307 1122 351 et
1162 314 1489 351 concursum
1532 300 1767 350 duarum

0 367 6 423 Ῐ
82 389 373 427 causarum
423 390 455 426 a
506 375 909 439 praeelectione
960 377 1175 428 initium
1227 376 1562 434 habentium,
1615 375 1766 426 aliud

0 474 3 476 ·
37 515 40 518 Ι
80 448 228 513 quid,
250 463 413 512 quam
443 449 592 513 quod
617 455 798 501 exstat
825 449 962 507 fieri,
989 449 1344 512 explentium,
1371 455 1430 500 ut
1451 449 1764 512 sepulcrum

0 523 383 575 :sfodientem
425 525 743 576 thesaurum
786 525 1046 575 invenire.
1099 524 1213 575 Nec
1252 525 1396 575 enim
1440 538 1652 587 ponens
1693 524 1763 574 ad

27 619 29 623 ⁴
77 598 182 649 hoc
223 600 486 662 reposuit,
532 605 591 650 ut
631 599 720 650 hic
763 600 1050 662 inveniret,
1091 617 1193 654 nec
1231 604 1518 654 inveniens
1552 602 1622 653 ad
1664 602 1770 654 hoc

77 672 235 731 fodit,
266 680 325 725 ut
359 673 678 725 thesaurum
712 674 988 737 reperiret,
1025 673 1122 724 sed
1156 674 1246 724 hic
1278 674 1516 737 quidem,
1550 679 1608 724 ut
1639 687 1761 723 cum

75 747 257 806 vellet,
296 747 552 806 auferret,
594 748 683 799 hic
720 762 869 806 vero,
911 754 970 799 ut
1012 747 1326 811 sepulcrum
1369 747 1600 799 foderet.
1652 747 1759 799 Sed

76 823 306 886 contigit
349 822 500 874 aliud
547 824 695 887 quid,
743 838 907 887 quam
955 824 1107 882 illud,
1155 824 1304 887 quod
1349 831 1762 895 proposuerunt

0 910 52 947 ιιο
75 893 329 961 utrique.)
378 895 557 960 Ipsius
596 910 729 948 vero
769 903 967 960 sponte
1008 903 1135 948 sunt
1175 897 1549 961 contingentia
1587 898 1761 948 inani·
1830 907 1856 946 6

73 977 346 1022 matorum
376 971 465 1022 vel
499 971 900 1024 irrationalium
936 973 1147 1035 absque
1181 978 1380 1024 natura
1412 979 1466 1024 et
1497 978 1627 1024 arte.

1835 236 1859 275 ut

73 1044 172 1095 Cui
206 1045 372 1109 igitur
408 1045 606 1097 horum
644 1046 961 1104 subicimus,
1002 1060 1142 1109 quae
1180 1045 1324 1097 fiunt
1362 1060 1458 1109 per
1491 1046 1759 1105 homines,
1830 1056 1853 1096 7

73 1120 117 1170 si
155 1119 323 1171 homo
364 1134 476 1171 non
516 1126 599 1171 est
641 1134 809 1172 causa
850 1126 903 1172 et
943 1122 1157 1172 initium
1196 1122 1461 1172 actuum?
1508 1121 1617 1172 Sed
1660 1135 1761 1172 nec
1827 1131 1853 1171 8

73 1194 178 1245 deo
212 1195 545 1246 conveniens
581 1201 664 1246 est
699 1196 971 1246 ascribere
1008 1202 1197 1259 turpes
1234 1195 1569 1259 quandoque
1604 1202 1759 1253 actus

0 1283 50 1318 115
72 1274 125 1319 et
153 1269 412 1327 iniustos;
445 1283 546 1320 nec
575 1271 905 1329 necessitati,
939 1284 1049 1321 non
1083 1271 1227 1321 enim
1263 1284 1479 1334 semper
1510 1270 1759 1322 similiter

70 1356 129 1393 se
154 1342 474 1394 habentium
508 1351 658 1403 sunt;
689 1358 790 1395 nec
821 1344 954 1403 fat0,
986 1359 1097 1396 non
1128 1346 1273 1396 enim
1303 1346 1756 1408 contingentium,

71 1419 167 1470 sed
204 1420 641 1470 necessariorum
683 1425 824 1478 sunt,
865 1433 1004 1483 quae
1046 1419 1146 1470 fati
1186 1426 1336 1478 sunt;
1376 1433 1476 1471 nec
1511 1426 1756 1479 naturae,

69 1499 297 1545 naturae
355 1495 499 1544 enim
561 1508 731 1557 opera
789 1494 1051 1545 animalia
1097 1500 1225 1546 sunt
1268 1501 1322 1546 et
1367 1495 1614 1558 plantae;
1657 1509 1758 1546 nec

66 1569 304 1626 eventui,
322 1582 433 1618 non
456 1570 600 1619 enirn
623 1568 730 1619 rari
753 1574 807 1619 et
829 1570 1094 1632 insperati
1119 1569 1553 1620 sunt‘hominum
1571 1575 1755 1627 actus;

0 1654 46 1690 :io
67 1655 167 1693 nec
203 1643 308 1706 ipsi
351 1649 564 1706 sponte,
604 1657 730 1694 nam
774 1644 1202 1694 inanimatorum
1246 1650 1374 1695 sunt
1413 1644 1502 1695 vel
1540 1645 1754 1696 irratio-

69 1716 276 1767 nalium
315 1719 702 1781 contingentia.
757 1718 1099 1782 Relinquitur
1137 1733 1270 1782 ergo
1311 1719 1550 1770 eundem
1590 1733 1757 1782 agen·
1823 1729 1849 1769 9

67 1797 175 1842 tem
195 1797 248 1842 et
270 1790 562 1843 facientem
584 1792 863 1843 hominem
887 1794 1102 1844 initium
1126 1808 1249 1845 esse
1273 1808 1501 1844 suorum
1521 1807 1753 1857 operum

66 1866 409 1928 liberumque
447 1866 688 1918 arbitrio.
739 1867 1012 1930 AmpliuS,
1054 1869 1099 1918 si
1140 1868 1307 1937 homo
1349 1868 1556 1919 nullius
1597 1875 1753 1920 actus
1792 1879 1844 1919 10

65 1946 212 1991 esset
255 1941 485 1998 initium,
532 1941 820 2004 superfluo
866 1942 1091 1994 haberet
1137 1943 1430 1994 consiliari.
1486 1943 1573 1993 Ad
1620 1944 1750 2006 quid

0 2027 45 2062 :5
68 2015 212 2064 enim
237 2020 479 2066 uteretur
509 2015 738 2067 consilio
766 2016 972 2066 nullius
1000 2023 1156 2068 actus
1184 2018 1427 2068 existens
1458 2018 1755 2068 dominus?

70 2088 355 2152 Optimum
384 2095 584 2148 autem,
620 2090 767 2153 quod
802 2097 885 2142 est
918 2098 971 2142 et
1004 2091 1540 2143 venerabilissimum
1576 2094 1628 2143 in
1659 2092 1756 2143 ho-

141 2270 166 2310 2
199 2272 591 2321 contingentivam
624 2272 658 2313 A
784 2272 810 2313 3
845 2267 958 2326 (et)
994 2275 1118 2314 aliud
1148 2275 1222 2315 Ho
1254 2276 1390 2324 male,
1423 2287 1531 2316 nam
1567 2274 1640 2314 καὶ
1672 2287 1761 2316 οηι.

66 2331 206 2371 etiam
239 2325 439 2377 TTBFP,
473 2343 566 2372 non
599 2332 687 2381 [ey.
719 2332 788 2382 39
955 2333 982 2373 4
1015 2334 1127 2383 quid
1159 2345 1295 2384 quam
1329 2334 1415 2375 PC
1445 2335 1690 2384 quicquam
1724 2335 1761 2375 Β

67 2389 239 2438 aliquid
271 2401 409 2440 quam
442 2391 476 2431 A
623 2392 750 2441 quod
781 2404 870 2432 om.
903 2392 966 2439 D;
1000 2396 1200 2443 exspect.
1234 2405 1370 2444 quam
1404 2387 1584 2447 (illud)
1620 2395 1760 2444 quod,

67 2450 123 2499 cf.
153 2453 180 2488 9
218 2451 266 2490 et
304 2452 482 2499 praeter
521 2451 567 2491 id
607 2451 733 2500 quod
774 2454 973 2502 utroque
1012 2453 1116 2493 loco
1147 2453 1216 2503 By
1347 2454 1690 2503 explementum
1723 2455 1757 2495 A

127 2507 151 2548 7
185 2506 415 2558 reperiret]
450 2511 675 2551 inveniret
705 2511 740 2552 A
863 2511 938 2552 hic
970 2511 1017 2552 M
1050 2513 1087 2552 is
1119 2513 1157 2553 Β
1338 2513 1365 2553 9
1405 2514 1633 2563 contingit
1663 2514 1698 2555 A

67 2567 178 2616 quid
209 2565 284 2616 (ex
307 2570 433 2619 quod
459 2567 515 2619 C)
548 2581 685 2620 quam
710 2570 757 2610 M
789 2571 1035 2621 quicquam
1059 2572 1098 2612 Β
1160 2574 1448 2621 proposuerit
1474 2572 1511 2614 C
1520 2567 1531 2590 ¹
1556 2584 1675 2614 corr.
1703 2567 1761 2614 C²

68 2625 239 2676 posue?
266 2627 307 2668 P
471 2630 519 2670 11
557 2629 930 2670 irrationabilium
966 2630 1047 2671 CB
1209 2630 1261 2671 13
1294 2633 1332 2672 si
1365 2632 1506 2673 homo
1538 2626 1646 2674 ΡΟ8
1675 2635 1759 2674 sed

69 2686 207 2727 homo
240 2681 342 2729 C¹A
375 2689 459 2730 sed
489 2690 527 2730 Β
603 2690 799 2730 activum
832 2690 870 2730 Β
942 2686 1045 2739 nec]
1080 2701 1175 2731 non
1207 2691 1240 2732 A
1377 2691 1430 2731 16
1463 2691 1584 2732 iacto
1616 2691 1701 2734 PC

70 2745 121 2785 17
155 2745 266 2786 iani
298 2742 343 2796 (c
368 2746 508 2799 eras.)
536 2747 573 2790 C
603 2749 696 2789 fata
719 2749 756 2790 Β
849 2749 903 2790 18
928 2750 1098 2790 etenim
1124 2751 1162 2791 B
1256 2750 1310 2791 19
1341 2754 1510 2792 eventu
1534 2751 1569 2793 A
1634 2752 1757 2794 hom.

67 2808 194 2845 actus
226 2807 410 2858 transp.
440 2807 524 2850 AB
705 2808 760 2848 20
793 2811 904 2849 ante
936 2819 1023 2850 nec
1055 2810 1166 2851 add.
1200 2811 1284 2851 sed
1314 2811 1352 2852 B
1474 2812 1755 2853 irrationabi-

67 2863 175 2904 lium
205 2865 244 2906 Β
364 2866 415 2907 21
451 2865 580 2918 ergo]
614 2869 750 2918 igitur
779 2868 814 2909 A
939 2868 995 2908 22
1030 2870 1281 2918 patientem
1314 2871 1351 2911 Β
1474 2870 1529 2911 24
1562 2873 1688 2921 quod
1720 2874 1753 2913 A

127 2924 182 2964 26
215 2929 260 2965 et
292 2937 443 2967 vener.
473 2930 586 2977 post
619 2929 741 2968 hom.
772 2940 883 2978 pon.
917 2930 953 2968 Β
