1982 3172
427 116 509 162 DE
543 113 1070 162 PRAEELECTIONE
1105 112 1242 159 CAP.
1268 111 1465 157 XXXIII
1691 118 1790 167 11¹7

104 255 243 306 Nam
287 255 441 318 ipsae
489 253 541 303 in
586 251 770 303 medio
817 251 1139 314 passionum
1187 255 1329 301 sunt.
1384 248 1440 300 Si
1483 254 1668 300 autern
1709 248 1789 299 in-

100 328 446 380 voluntariae
490 327 795 391 passiones‚
840 325 1246 377 involuntariae
1287 324 1453 375 etiam
1497 327 1659 374 erunt
1701 336 1789 373 ac-

101 404 278 456 tiones
311 402 613 454 secundum
652 401 998 465 probitatem.
1044 399 1254 451 Etenim
1292 399 1446 462 ipsae
1483 397 1787 448 secundum

102 480 416 543 passionem
433 477 591 529 fiunt.
614 476 815 528 Nullus
829 490 978 534 vero,
1006 475 1155 539 quod
1186 475 1488 527 secundum
1519 474 1788 525 rationem

53 562 152 608 set
196 555 654 620 praeelectionem
700 560 753 605 et
800 554 1077 618 proprium
1127 553 1385 616 placitum
1435 556 1600 615 atque
1649 550 1790 602 desi-

52 668 55 672 .
99 627 327 684 derium,
351 626 649 684 noscendO,
680 638 821 689 quae
850 638 947 688 per
977 623 1211 687 singula,
1242 622 1675 674 involuntarium
1706 621 1786 671 di-

98 708 195 753 cet.
241 701 540 753 Ostensum
579 706 663 752 est
700 713 934 763 quoque,
975 698 1124 762 quod
1163 698 1378 749 initium
1417 698 1471 748 in
1505 697 1644 761 ipsis
1676 701 1784 752 est;

95 776 410 827 voluntaria
437 789 587 839 ergo.
634 774 742 826 Sed
778 774 1038 838 quoniam
1073 772 1395 825 multotiens
1430 771 1785 835 praeelectio·
1820 788 1846 829 8

96 852 181 902 nis
204 851 555 903 meminimus
585 855 638 901 et
666 850 800 906 eius,
833 848 981 912 quod
1014 848 1066 898 in
1097 844 1258 898 nobis
1283 853 1381 904 est,
1409 846 1782 910 incipiendum

31 944 73 979 10
95 931 179 977 est
216 925 283 976 de
324 924 741 989 praeelectione.

500 1086 617 1154 DE
665 1083 1375 1154 PRAEELECTIONE
1804 1165 1871 1215 33

181 1224 327 1281 Quid
363 1224 528 1288 igitur
567 1230 650 1275 est
687 1223 1057 1287 praeelectio?
1107 1222 1389 1286 Numquid
1429 1221 1592 1280 idem,
1630 1221 1781 1285 quod
1820 1238 1838 1279 1

91 1299 482 1357 voluntarium,
508 1313 574 1350 eo
607 1298 755 1362 quod
787 1311 965 1355 omne,
998 1297 1146 1360 quod
1177 1303 1262 1348 est
1293 1296 1596 1348 secundum
1625 1310 1781 1361 prae-

91 1374 431 1432 electionem,
462 1374 531 1425 sit
563 1374 728 1425 etiam
759 1372 1176 1424 voluntarium?
1221 1371 1330 1423 Sed
1364 1386 1475 1422 non
1509 1371 1781 1423 converti-

26 1466 68 1502 15
92 1455 193 1507 tur,
225 1448 373 1512 quod
410 1448 570 1499 fieret
604 1448 841 1512 quidem,
879 1447 923 1498 si
960 1447 1104 1498 idem
1140 1452 1288 1498 esset
1316 1446 1695 1498 voluntarium
1724 1450 1779 1497 et

91 1522 435 1587 praeelectio.
492 1522 651 1573 Nunc
695 1528 879 1574 autem
926 1522 978 1572 in
1026 1522 1278 1585 pluribus
1323 1521 1636 1572 invenimus
1680 1534 1778 1572 vo-

90 1598 402 1650 luntarium.
435 1597 629 1649 Omnis
655 1599 799 1649 enim
829 1597 1160 1662 praeelectio
1187 1597 1518 1655 voluntaria,
1547 1597 1643 1648 sed
1667 1610 1777 1648 non
1815 1611 1839 1652 2

89 1686 251 1723 omne
276 1671 650 1724 voluntarium
685 1673 737 1722 in
770 1671 1186 1735 praeelectione.
1231 1670 1442 1722 Etenim
1476 1670 1693 1734 parvuli
1723 1676 1778 1722 et

89 1746 427 1798 irrationalia
466 1753 662 1811 sponte
705 1746 929 1803 faciunt,
971 1745 1068 1797 sed
1110 1760 1220 1796 non
1263 1745 1683 1809 praeeligentia;
1723 1751 1777 1796 et

21 1835 469 1886 zoquaecumque
509 1835 606 1885 per
650 1821 893 1872 furorem
937 1821 1170 1885 agimus,
1229 1835 1340 1872 non
1387 1819 1775 1883 praeconsulti‚

87 1897 224 1948 haec
260 1896 570 1947 voluntarie
615 1896 837 1960 quidem
879 1895 1131 1953 facimus,
1175 1895 1274 1947 sed
1316 1909 1425 1946 non
1470 1894 1774 1946 secundum

89 1971 561 2035 praeelectionem.
597 1970 705 2022 Sed
733 1975 788 2021 et
815 1970 1025 2021 amicus
1054 1970 1214 2021 nobis
1245 1970 1428 2022 subito
1458 1975 1775 2033 praesenta-

86 2052 174 2097 tus
213 2052 296 2097 est
335 2044 646 2096 voluntarie
688 2045 926 2109 quidem,
967 2051 1027 2096 ut
1068 2045 1481 2102 delectaremur,
1523 2044 1621 2096 sed
1659 2059 1770 2096 non

85 2134 181 2184 per
213 2119 686 2183 praeelectionem.
732 2119 796 2171 Et
830 2120 1148 2171 thesaurum
1186 2120 1525 2183 insperatum
1562 2120 1770 2171 inveni-

21 2211 64 2247 25
86 2209 184 2246 ens
216 2194 530 2246 voluntarie
567 2194 788 2258 quidem
826 2194 978 2246 lucro
1016 2195 1294 2258 apposuit,
1333 2195 1431 2246 sed
1468 2209 1580 2246 non
1616 2208 1772 2258 prae-

82 2268 308 2332 eligens.
364 2268 442 2319 Ex
489 2269 746 2320 omnibus
790 2282 924 2332 ergo
973 2269 1249 2333 colligitur
1295 2283 1405 2320 non
1452 2269 1599 2320 idem
1644 2283 1767 2320 esse
1806 2285 1831 2326 3

161 2419 179 2460 1
216 2421 346 2470 ipsae
375 2423 487 2471 post
519 2424 624 2461 sunt
653 2432 764 2471 ροη.
797 2422 852 2467 D.
885 2433 1011 2473 exsp.
1042 2425 1156 2473 post
1187 2423 1340 2463 medio
1464 2422 1490 2462 2
1524 2423 1681 2472 passio
1715 2416 1773 2464 C¹

83 2491 200 2521 corr.
234 2481 281 2521 ἰη
314 2491 463 2531 mat-9.
498 2474 556 2522 0³
588 2477 696 2530 pas}
727 2481 767 2522 P
892 2480 919 2521 4
952 2483 1196 2531 passiones
1230 2482 1263 2522 A
1328 2482 1646 2523 fuir=fuerit
1678 2482 1716 2525 C

82 2539 208 2589 quod
239 2539 325 2581 PC
362 2541 439 2590 qui
472 2540 506 2582 A
545 2552 634 2582 om.
666 2541 704 2581 Β
885 2541 909 2581 7
943 2546 1013 2583 est
1041 2545 1155 2592 post
1186 2553 1373 2592 quoque
1403 2553 1515 2592 pon.
1547 2542 1585 2583 Β
1706 2540 1770 2592 ἰη]

81 2610 139 2640 ex
170 2599 207 2639 Β
326 2599 372 2639 in
404 2600 466 2650 ip.
498 2604 569 2642 est
600 2601 662 2641 in.
695 2597 761 2650 (Ιι.
787 2598 851 2650 ο.)
883 2600 917 2641 Α
1051 2601 1104 2641 10
1137 2605 1206 2643 est
1238 2614 1327 2643 om.
1354 2601 1455 2651 CB,
1487 2602 1599 2652 fort.
1631 2602 1771 2652 incip.

82 2661 152 2699 est
183 2660 228 2699 et
259 2659 347 2699 aut
376 2660 514 2710 incip.
547 2663 592 2702 et
624 2657 922 2710 (διαληπτέον
955 2658 1049 2711 καὶ)
1234 2661 1281 2702 11
1326 2661 1397 2703 De
1430 2661 1771 2711 praeelectione

81 2717 166 2760 PC
196 2717 279 2758 ”7
304 2718 403 2768 fere
433 2720 524 2760 litt.
555 2720 592 2761 Β
624 2732 713 2761 om.
745 2720 780 2762 A
822 2731 969 2772 aeque
999 2732 1069 2762 ac.
1105 2725 1166 2770 72,
1185 2725 1236 2761 16
1425 2721 1478 2762 13
1510 2722 1768 2763 involunta-

81 2778 193 2818 rium
225 2777 263 2818 Β
408 2777 462 2819 14
489 2773 527 2831 ss
538 2780 843 2821 voluntarium
876 2777 1017 2830 (eras.
1050 2777 1117 2831 in)
1152 2779 1190 2822 C
1333 2780 1386 2821 15
1419 2781 1549 2823 fieret
1581 2782 1767 2832 quidem

81 2838 263 2887 transp.
295 2836 329 2878 A
470 2837 524 2879 16
556 2839 775 2890 plurimus
806 2839 841 2881 A
982 2839 1036 2881 19
1067 2840 1394 2881 irrationabilia
1423 2840 1462 2882 Β
1590 2840 1641 2882 21
1677 2842 1767 2883 vol.

80 2896 267 2946 quidem
300 2898 482 2948 transp.
514 2898 549 2939 A
672 2899 864 2941 iacimus
896 2899 942 2941 M
974 2901 1154 2951 agimus
1184 2900 1223 2941 Β
1367 2899 1422 2941 23
1455 2898 1567 2951 ηοη]
1602 2912 1765 2944 secun·

79 2954 186 2996 dum
219 2955 252 2996 A
376 2955 432 2997 24
463 2957 742 3008 insperatum
775 2958 857 3002 AB
886 2963 1116 3010 speratum
1148 2958 1234 3002 PC
