1982 3172
206 99 307 150 128
566 91 822 139 NEMESII
856 90 1173 138 PREMNON
1206 92 1531 140 PHYSICON

202 231 416 280 initium
445 236 666 280 actuum
699 236 752 280 et
780 229 917 279 haec
950 235 1091 288 sunt,
1125 244 1264 292 quae
1296 231 1349 280 in
1379 232 1552 289 nobiS,
1582 245 1720 294 quae
1754 238 1881 282 sunt

202 303 523 355 utrumlibet
580 304 967 367 contingentia,
1027 309 1087 354 ut
1129 318 1352 355 movere
1393 310 1449 356 et
1490 319 1601 356 non
1643 319 1880 365 movere,

200 382 453 433 festinare
480 388 532 433 et
561 396 673 433 non
699 382 967 441 festinare,
1006 391 1116 428 non
1147 384 1407 442 appetere
1435 393 1547 430 non
1571 381 1882 431 necessaria

202 458 255 503 et
284 459 561 516 appetere,
596 453 812 503 mentiri
845 459 899 503 et
931 466 1042 503 non
1077 454 1308 511 mentiri,
1344 453 1474 504 dare
1505 459 1558 505 et
1585 467 1696 504 non
1732 454 1879 513 dare,

203 526 461 589 gaudere,
482 527 535 576 in
562 526 761 589 quibus
785 532 1018 590 oportet,
1042 533 1096 578 et
1119 541 1230 577 non
1253 527 1497 590 gaudere
1516 533 1570 579 et
1591 541 1882 590 quaecum·
1929 545 1952 580 5

132 643 136 646 .
205 614 309 663 que
329 600 477 659 talia,
505 602 558 650 in
585 601 785 663 quibus
811 602 976 652 etiam
1004 607 1131 652 sunt
1155 602 1274 652 vitii
1296 607 1349 652 et
1370 602 1588 653 virtutis
1615 615 1807 665 opera;
1827 603 1882 652 in

203 675 288 725 his
318 676 462 726 enim
499 689 690 725 sumus
723 675 879 726 liberi
913 675 1137 726 arbitrii.
1181 675 1511 727 Utrumlibet
1543 682 1727 727 autem
1758 689 1883 727 con-

203 750 530 812 tingentium
566 756 692 800 sunt
729 756 783 801 et
817 755 987 807 artes;
1025 750 1205 800 omnis
1241 751 1386 800 enim
1422 764 1512 801 ars
1547 751 1688 801 circa
1718 763 1882 814 gene-

203 825 471 874 rationem
496 830 579 875 est
609 825 1042 887 contingentium
1069 830 1124 875 et
1152 838 1275 875 esse
1304 830 1356 875 et
1384 838 1495 875 non
1520 838 1641 875 esse
1666 830 1719 875 et
1748 839 1882 888 quo-

203 913 322 948 rum
348 904 432 949 est
462 899 676 949 initium
706 899 762 949 in
793 898 1028 949 faciente
1057 904 1112 949 et
1139 912 1250 949 non
1276 900 1331 949 in
1358 898 1522 950 facto.
1564 898 1712 949 Nihil
1737 899 1880 950 enlm
1911 914 1953 950 10

201 987 303 1023 nec
339 973 798 1036 sempitemorum
838 979 892 1024 et
929 967 997 1023 ex
1036 974 1362 1024 necessitate
1401 974 1751 1024 existentium
1789 987 1882 1024 ne-

204 1061 308 1110 que
348 1061 555 1106 eorum,
599 1061 739 1110 quae
780 1047 924 1099 fiunt
965 1062 1033 1098 ex
1071 1048 1412 1106 necessitate,
1456 1047 1758 1098 secundum
1797 1061 1881 1098 ar-

204 1128 311 1172 tem
338 1120 459 1171 fieri
491 1121 702 1172 dicitur.
742 1120 851 1172 Sed
879 1135 1058 1184 neque
1087 1135 1293 1180 eorum,
1324 1135 1463 1184 quae
1489 1121 1646 1180 fiunt,
1671 1122 1882 1172 incon-

202 1196 541 1258 tingentibus
579 1196 744 1247 etiam
785 1195 942 1246 aliter
982 1209 1039 1246 se
1079 1195 1296 1254 habere,
1335 1197 1390 1245 in
1430 1209 1488 1246 se
1525 1196 1662 1258 ipsis
1696 1200 1880 1246 autem

201 1270 531 1321 habentibus
590 1269 908 1321 effectivam
970 1284 1209 1329 causam,
1253 1276 1313 1321 ut
1355 1271 1410 1320 in
1455 1269 1785 1320 animalibus
1829 1275 1882 1321 et
1909 1285 1952 1321 15

204 1344 422 1407 plantis,
482 1343 785 1395 secundum
844 1351 1017 1395 artem
1062 1344 1193 1409 quid
1238 1343 1360 1395 fieri
1406 1344 1617 1395 dicitur.
1672 1343 1883 1394 Natura

203 1420 348 1468 enim
381 1418 539 1477 fiunt,
575 1424 629 1470 et
662 1433 772 1470 non
808 1425 939 1470 arte.
986 1418 1043 1469 Si
1077 1419 1243 1482 igitur
1275 1432 1482 1477 eorum,
1514 1431 1654 1481 quae
1691 1431 1881 1469 secun-

204 1493 335 1543 dum
363 1499 536 1544 artem
569 1492 728 1552 fiunt,
759 1494 1099 1544 extrinsecus
1130 1499 1215 1543 est
1245 1492 1498 1543 efficiens
1530 1506 1710 1550 causa,
1741 1506 1880 1554 quae

203 1568 368 1630 igitur
403 1581 571 1618 causa
607 1567 911 1619 secundum
946 1573 1119 1618 artem
1157 1566 1429 1618 factorum
1466 1567 1581 1625 erit,
1617 1567 1722 1616 nisi
1756 1565 1881 1616 effi-

206 1643 352 1692 ciens
385 1641 623 1693 artifex?
669 1641 728 1692 In
762 1641 975 1693 artifice
1010 1642 1154 1691 enim
1190 1647 1306 1691 erat
1341 1640 1535 1691 facere.
1579 1639 1685 1691 Iste
1715 1641 1882 1703 igitur
1907 1642 1980 1691 20v

203 1722 285 1767 est
315 1717 642 1779 principium
677 1722 731 1767 et
762 1730 930 1767 causa
962 1716 1254 1766 actionum.
1298 1714 1442 1778 Ergo
1475 1715 1528 1764 in
1558 1714 1718 1764 nobis
1747 1727 1881 1777 quo-

206 1805 309 1853 que
336 1796 462 1841 sunt
491 1797 546 1842 et
573 1790 876 1841 secundum
907 1795 1079 1841 artem
1110 1803 1280 1852 opera
1307 1795 1361 1840 et
1383 1789 1615 1839 virtutes
1639 1787 1727 1839 vel
1758 1801 1882 1850 pro-

204 1866 402 1916 bitates
428 1871 480 1915 et
511 1878 703 1915 omnes
733 1865 976 1915 actiones
1007 1863 1274 1914 animales
1303 1869 1358 1914 et
1386 1862 1698 1914 rationaleS.
1726 1861 1882 1913 Mon-

206 1945 436 1990 stratum
477 1945 560 1990 est
602 1945 786 1990 autem
827 1940 881 1988 in
924 1938 1305 1996 anterioribUS,
1349 1936 1539 2000 quales
1582 1937 1688 1987 sint
1726 1941 1881 1987 actus

203 2012 484 2063 animales.
595 2012 704 2064 Sed
732 2013 890 2063 multi
918 2018 1175 2076 putante-s
1205 2011 1310 2062 dici
1339 2011 1569 2062 liberum
1597 2010 1879 2061 arbitrium
1905 2025 1951 2060 25

279 2210 296 2248 1
334 2210 531 2250 activum
562 2210 600 2250 B
691 2211 797 2249 sunt
828 2219 948 2257 quae
982 2211 1163 2259 transl).
1197 2208 1243 2248 M
1276 2218 1395 2257 quae
1427 2208 1515 2247 del.
1550 2200 1608 2247 0³
1728 2205 1754 2246 2
1787 2215 1882 2245 mo-

200 2270 292 2309 veri
327 2300 336 2310 .
364 2301 374 2310 .
409 2270 579 2309 moveri
611 2269 661 2318 B,
695 2268 751 2318 cf.
783 2267 982 2308 Iudicem
1175 2267 1290 2307 3—-4
1322 2277 1417 2307 non
1449 2269 1668 2315 appetere
1702 2284 1753 2290 —
1788 2274 1882 2304 non

201 2329 307 2369 dare
340 2340 429 2369 om.
462 2328 499 2368 Β
530 2328 638 2370 dare
670 2330 716 2369 et
747 2338 841 2367 non
875 2328 982 2368 dare
1015 2339 1103 2368 om.
1136 2327 1170 2367 A
1345 2326 1371 2366 5
1403 2325 1605 2375 gaudere
1636 2325 1683 2364 in
1716 2323 1882 2373 quibus

201 2390 380 2436 oportet
419 2390 464 2428 et
502 2398 597 2428 non
635 2387 838 2437 gaudere
878 2398 966 2427 om.
999 2387 1033 2427 A
1079 2388 1126 2426 in
1166 2387 1333 2435 quibus
1373 2386 1552 2434 oportet
1591 2394 1679 2423 om.
1713 2382 1751 2422 Β

201 2446 345 2486 9-10
378 2450 448 2487 est
479 2449 725 2497 utrumque
757 2448 804 2487 et
834 2439 902 2486 et⁴1
925 2458 1014 2486 om.
1035 2446 1072 2485 Β
1166 2445 1214 2485 11
1243 2442 1305 2493 et]
1338 2455 1424 2485 nec
1447 2443 1482 2484 A
1578 2441 1630 2482 12
1662 2441 1778 2481 fiunt
1801 2441 1880 2481 ΡΑ

200 2509 306 2545 sunt
331 2505 411 2547 CB
503 2505 675 2546 12—13
708 2517 766 2546 ex
791 2525 843 2531 —
871 2516 990 2554 quae
1023 2505 1139 2544 fiunt
1162 2506 1209 2544 in
1235 2514 1383 2554 mary.
1400 2502 1553 2552 suppl.
1570 2495 1631 2541 1²¹
1655 2503 1709 2541 ut
1730 2501 1823 2541 vid.

204 2565 256 2604 13
289 2565 482 2605 dicimus
513 2566 551 2605 Β
685 2565 800 2605 fiunt
831 2564 911 2605 PA
944 2564 1060 2604 fiunt
1091 2567 1197 2603 sunt
1229 2557 1332 2604 C¹B
1361 2565 1467 2602 sunt
1499 2553 1557 2601 C³
1586 2561 1738 2601 deleto
1769 2559 1884 2599 fiunt

263 2623 316 2664 16
349 2625 475 2674 quod
506 2618 565 2664 Ρι
597 2635 716 2665 corr.
748 2617 809 2665 1²²
898 2624 1060 2663 dicitur
1090 2623 1137 2663 M
1168 2633 1263 2662 non
1297 2622 1490 2662 dicimus
1522 2619 1560 2660 Β
1682 2619 1734 2659 17
1767 2618 1883 2658 fiunt

200 2683 271 2723 PA
304 2686 411 2724 sunt
444 2680 510 2732 (in
544 2694 692 2733 mar-9.
724 2683 798 2727 vel
830 2683 944 2722 fiunt
976 2695 1035 2723 m.
1068 2683 1170 2723 rub.
1204 2683 1257 2722 ut
1288 2677 1399 2730 vid.)
1434 2677 1472 2720 C
1499 2681 1606 2718 sunt
1635 2678 1673 2718 Β
1771 2679 1884 2727 post

200 2753 319 2791 quae
351 2738 449 2792 (qui
481 2740 537 2792 Β)
570 2744 681 2783 add.
713 2745 819 2782 sunt
849 2742 883 2782 A
1032 2741 1086 2781 19
1118 2742 1252 2790 igitur
1283 2750 1371 2780 om.
1403 2738 1441 2779 Β
1579 2736 1751 2777 19-20
1782 2735 1881 2777 efii-

199 2797 376 2850 ci*(ens
407 2799 658 2851 superscr.)
690 2802 730 2842 P
886 2800 940 2840 22
974 2795 1042 2841 et¹
1073 2811 1162 2840 om.
1194 2800 1245 2848 Β,
1275 2799 1385 2849 fort.
1414 2799 1528 2847 post
1558 2797 1767 2837 actiones
1800 2791 1882 2845 (23)

196 2861 463 2909 ponendum
582 2862 696 2911 post
726 2864 866 2901 artem
899 2861 1009 2900 add.
1042 2863 1088 2900 et
1118 2859 1152 2899 A
1286 2856 1358 2897 vel
1390 2856 1436 2896 M
1468 2857 1515 2896 id
1546 2858 1615 2896 est
1647 2852 1881 2905 (compen-

199 2920 329 2959 diose
362 2917 469 2968 ser.)
503 2920 540 2959 Β
660 2919 716 2958 24
749 2922 854 2959 sunt
869 2919 918 2959 ,Α
