1982 3172
131 99 216 147 ΑΒ
250 96 514 145 ALFANO
549 96 615 142 IN
647 94 938 142 LATINUM
970 91 1411 139 TRANSLATUM
1447 89 1629 137 CARI
1690 96 1750 147 21

72 235 367 288 multorum
402 232 724 286 animalium
760 231 832 283 ad
868 231 1153 283 servitium
1187 229 1475 281 hominum
1511 241 1758 292 congrua

73 311 239 363 facta·
287 309 468 360 Boves
511 321 750 371 namque
793 311 848 358 et
890 305 1078 357 omnia
1122 304 1330 369 iugalia
1370 303 1442 354 ad
1482 303 1601 366 agri
1645 301 1757 353 cul-

73 391 249 438 turam
284 389 337 436 et
372 383 444 434 ad
481 382 741 434 ferendas
778 381 1022 433 sarcinas
1059 379 1207 430 facta
1242 384 1384 437 sunt,
1415 377 1590 428 multa
1623 390 1756 429 vero

69 459 256 511 avium
314 464 368 510 et
424 457 750 521 aquatilium
795 462 849 507 et
891 455 1228 506 terrestrium
1274 453 1344 504 ad
1390 452 1756 503 delectamen-

26 539 200 591 5tum‚
240 531 593 583 modulantes
636 544 769 582 vero
814 529 1046 580 dulciter
1090 528 1159 578 ad
1208 527 1538 578 suavitatem
1582 530 1636 576 et
1676 538 1756 575 re-

71 609 268 672 quiem.
394 605 556 662 Quod
622 605 667 656 si
732 618 842 656 non
906 603 1092 654 omnia
1158 602 1360 653 talibus
1425 599 1756 652 utilitatibus
1794 606 1848 648 84

71 683 327 740 serviant,
389 682 487 733 sed
550 680 823 745 quaedam
884 680 1049 730 etiam
1111 678 1390 729 hominem
1454 677 1756 732 destruant,

71 757 371 815 sciendum,
411 755 560 820 quod
601 754 977 819 principaliter
1018 759 1244 816 propter
1284 752 1568 803 servitium
1610 750 1758 802 facta

73 833 194 890 sint,
230 837 290 883 ut
327 831 513 882 omnia
550 829 936 881 convenientia
973 829 1080 879 sint
1118 832 1300 878 creata
1335 826 1582 890 nihilque
1614 825 1759 876 desit

10 913 50 949 ¹0
71 907 124 957 in
155 911 418 964 creatura,
448 905 597 968 quod
627 918 739 955 non
771 904 841 955 sit
870 903 1220 955 conveniens,
1261 901 1453 964 Neque
1478 901 1615 951 haec
1642 914 1758 951 om·
1794 905 1849 946 85

72 981 200 1031 nino
260 978 558 1042 aufugiunt
601 977 872 1028 auxilium
915 982 1197 1040 praestare
1241 975 1575 1032 hominibus,
1632 972 1762 1037 quia

69 1060 123 1106 et
158 1054 453 1106 venenosis
491 1053 563 1106 ad
603 1053 889 1117 proprium
927 1052 1195 1102 auxilium
1234 1051 1374 1102 ratio
1412 1050 1598 1101 utitur.
1641 1049 1759 1101 Uti-

71 1135 155 1180 tur
188 1142 426 1192 namque
460 1128 596 1192 ipsis
630 1127 700 1178 ad
736 1128 1074 1179 curationem
1111 1126 1418 1177 laesionum
1452 1123 1756 1176 eorundem

69 1209 123 1254 et
175 1203 247 1254 ad
303 1202 766 1255 medicamentum
821 1201 1054 1252 aliarum
1095 1200 1523 1264 aegritudinum,
1565 1198 1758 1262 quales

13 1289 49 1325 15
73 1283 198 1329 sunt
227 1277 488 1329 thiriacae
515 1283 746 1328 vocatae
776 1275 1224 1339 compositiones,
1255 1274 1448 1338 quales
1476 1273 1763 1324 adinvenit

74 1352 226 1410 ratio,
256 1357 315 1403 ut
340 1357 395 1404 et
422 1351 492 1402 ab
522 1352 658 1415 ipsis
685 1351 895 1402 eisdem
920 1355 1315 1414 oppugnentur
1341 1354 1396 1400 et
1419 1347 1761 1412 oppugnatis

72 1433 351 1490 tamquam
393 1426 463 1477 ab
502 1426 778 1489 oppositis
818 1425 1166 1476 auxilientur.
1219 1423 1327 1475 Sed
1368 1429 1422 1475 et
1460 1422 1592 1474 data
1632 1427 1761 1474 sunt
1793 1427 1849 1468 86

71 1501 276 1552 homini
309 1516 343 1552 a
377 1507 622 1552 creatore
657 1500 845 1552 decem
881 1500 1033 1551 milia
1067 1500 1348 1556 virtutum,
1382 1498 1467 1549 his
1497 1497 1756 1549 omnibus

70 1576 511 1639 oppugnantium
565 1574 829 1638 repellere
883 1579 936 1625 et
989 1573 1308 1625 contrahere
1362 1579 1416 1623 et
1468 1571 1755 1622 annullare

3 1661 47 1697 :n
68 1657 233 1714 atque
273 1650 522 1714 digerere
565 1650 830 1701 subdolas
870 1664 1063 1701 eorum
1104 1654 1425 1713 potestates.
1477 1647 1586 1699 Sed
1627 1648 1754 1711 quia

70 1724 192 1776 aliis
223 1725 555 1776 conveniunt
585 1724 929 1781 utilitatibus,
961 1723 1325 1775 communiter
1355 1723 1542 1774 omnia
1570 1721 1642 1772 ad
1669 1735 1759 1772 cu-

70 1800 337 1851 rationem
369 1800 609 1851 hominis
643 1799 1044 1863 perficiendum
1077 1804 1208 1849 nata
1241 1803 1383 1855 sunt,
1416 1798 1581 1849 etiam
1615 1810 1756 1860 quae

69 1874 192 1925 aliis
228 1874 422 1925 usibus
463 1880 590 1926 sunt
627 1874 857 1926 inutilia.
908 1873 972 1924 Et
1009 1874 1146 1924 haec
1183 1873 1406 1936 quidem
1442 1872 1589 1923 dicta
1627 1876 1756 1924 sunt
1792 1875 1848 1916 87

71 1948 372 1999 secundum
403 1949 725 2000 modernam
757 1948 1124 2000 constantiam
1155 1953 1378 1999 nostrae
1407 1948 1570 1998 vitae.
1612 1945 1754 1997 Nam

5 2033 50 2066 -15
75 2022 376 2073 secundum
419 2023 734 2085 primariam
773 2022 985 2073 nullum
1026 2022 1262 2074 aliorum
1302 2020 1626 2072 animalium
1665 2034 1762 2071 au-

149 2196 166 2236 1
204 2197 441 2238 hominum
475 2207 564 2237 om.
599 2195 680 2237 CB
775 2195 801 2236 3
833 2199 879 2237 et
910 2196 969 2237 ad
1001 2195 1236 2237 ferendam
1269 2196 1494 2236 sarcinam
1529 2194 1649 2235 iacta
1679 2193 1767 2235 AC

71 2261 115 2298 et
147 2256 379 2298 terendam
412 2256 637 2296 sarcinam
670 2258 778 2296 nata
808 2255 846 2296 Β
958 2256 984 2295 5
1018 2255 1358 2297 modulationes
1389 2265 1498 2296 vero
1534 2253 1572 2295 C
1601 2253 1763 2295 modu-

71 2317 266 2358 lationes
297 2316 334 2357 B
456 2315 480 2354 7
514 2315 714 2356 serviant
745 2326 800 2356 ex
830 2318 1012 2356 servant
1043 2326 1164 2356 corr.
1199 2308 1256 2356 C¹
1288 2316 1342 2356 ut
1372 2315 1465 2356 vid.
1544 2314 1681 2354 etiam
1716 2312 1762 2353 M

70 2379 114 2416 et
144 2376 183 2417 Β
272 2374 299 2416 8
332 2375 641 2424 principaliter
672 2385 761 2414 om.
793 2373 827 2414 A
933 2374 960 2414 9
991 2368 1105 2414 sint¹
1137 2374 1184 2415 Μ
1215 2377 1322 2415 sunt
1351 2374 1390 2415 Β
1452 2369 1586 2422 desit]
1620 2373 1678 2413 sit
1712 2371 1760 2420 C,

69 2436 153 2478 sed
181 2446 329 2486 supra
362 2445 478 2475 vers.
511 2435 635 2475 inter
666 2444 757 2483 que
789 2436 834 2474 et
866 2434 923 2474 sit
953 2435 1220 2485 suppletum
1247 2434 1305 2475 de
1330 2434 1422 2474 oid.
1448 2443 1635 2474 erasum
1661 2443 1762 2473 esse

132 2493 186 2535 13
220 2487 645 2535 ‘seomnd.ss1aes.A
758 2492 811 2532 14
846 2492 1227 2534 medicamentum
1254 2492 1300 2533 M
1332 2492 1583 2534 remedium
1617 2491 1760 2532 medi-

71 2556 422 2604 camentumque
453 2553 490 2594 B
577 2552 629 2594 15
663 2553 880 2593 thiriacae
912 2552 984 2593 Ηο
1017 2553 1172 2594 tiriace
1203 2552 1287 2593 AB
1318 2552 1486 2603 tyr-iace
1519 2549 1606 2592 PC
1634 2546 1760 2599 (ead.

71 2614 279 2655 varietas
309 2614 358 2653 ἰη
390 2614 525 2655 codd.
556 2609 646 2663 39)
685 2613 915 2653 theriacae
955 2607 1209 2661 (θηριακαί)
1241 2611 1296 2652 El
1490 2609 1544 2651 16
1583 2610 1759 2652 eisdem

70 2685 158 2714 om.
198 2672 235 2713 Β
295 2672 571 2723 opugna*tis
602 2669 745 2722 (eras.
777 2683 807 2711 n
841 2683 898 2711 m.
915 2667 961 2720 3)
993 2671 1031 2712 Ρ
1146 2670 1198 2711 18
1233 2671 1392 2712 decem
1428 2670 1552 2710 milia
1581 2668 1629 2711 Μ
1661 2668 1701 2709 Χ
1724 2670 1762 2710 Β

132 2752 187 2794 19
225 2746 294 2795 et'
323 2764 412 2794 om.
443 2728 526 2794 Bw
625 2752 680 2792 20
720 2752 926 2803 digerere
960 2751 998 2794 C
1026 2748 1305 2801 (διωθεῑεθαι
1336 2747 1392 2802 F)
1425 2751 1598 2810 indige·
1631 2751 1760 2803 dige-

71 2824 164 2854 rere
197 2812 230 2854 A
265 2813 458 2863 dirigere
489 2812 570 2854 ΡΒ
609 2809 920 2862 (διορθοῠεθαι
952 2809 1113 2862 vulyo)
1216 2811 1349 2853 subd.
1381 2821 1474 2853 eor.
1507 2812 1692 2862 transp.
1723 2810 1762 2851 Β

129 2871 184 2912 22
218 2871 544 2922 perficiendam
576 2871 610 2913 A
705 2874 813 2912 nata
844 2875 949 2911 sunt
981 2873 1164 2923 transp.
1196 2871 1234 2913 Β
1404 2870 1460 2912 23
1502 2870 1623 2912 dicta
1654 2873 1760 2913 sunt

70 2934 252 2983 tranen.
286 2931 318 2973 A
400 2930 456 2972 24
487 2931 791 2973 substantiam
822 2930 864 2973 D
