<?xml version="1.0" encoding="UTF-8"?>
<!DOCTYPE html PUBLIC "-//W3C//DTD XHTML 1.0 Transitional//EN"
    "http://www.w3.org/TR/xhtml1/DTD/xhtml1-transitional.dtd">
<html xmlns="http://www.w3.org/1999/xhtml" xml:lang="en" lang="en">
 <head>
  <title>
</title>
<meta http-equiv="Content-Type" content="text/html;charset=utf-8" />
  <meta name='ocr-system' content='tesseract 3.04.00' />
  <meta name='ocr-capabilities' content='ocr_page ocr_carea ocr_par ocr_line ocrx_word'/>
</head>
<body>
  <div class='ocr_page' id='page_1' title='image "./nemesiiepiscopip00nemeuoft_0039.png"; bbox 0 0 1982 3172; ppageno 0'>
   <div class='ocr_carea' id='block_1_1' title="bbox 143 59 1787 118">
    <p class='ocr_par' dir='ltr' id='par_1_1' title="bbox 143 59 1787 118">
     <span class='ocr_line' id='line_1_1' title="bbox 143 59 1787 118; baseline -0.002 -10"><span class='ocrx_word' id='word_1_1' title='bbox 143 60 230 108; x_wconf 85' lang='lat' dir='ltr'><em>AB</em></span> <span class='ocrx_word' id='word_1_2' title='bbox 266 60 529 108; x_wconf 87' lang='lat' dir='ltr'><em>ALFANO</em></span> <span class='ocrx_word' id='word_1_3' title='bbox 565 61 630 107; x_wconf 91' lang='lat' dir='ltr'>IN</span> <span class='ocrx_word' id='word_1_4' title='bbox 664 60 955 108; x_wconf 81' lang='lat' dir='ltr'><strong>LATINUM</strong></span> <span class='ocrx_word' id='word_1_5' title='bbox 989 59 1428 107; x_wconf 83' lang='lat' dir='ltr'><em>TRANSLATUM</em></span> <span class='ocrx_word' id='word_1_6' title='bbox 1465 59 1602 106; x_wconf 85' lang='lat' dir='ltr'><em>CAP.</em></span> <span class='ocrx_word' id='word_1_7' title='bbox 1631 60 1667 105; x_wconf 87' lang='grc' dir='ltr'>ΙΙ</span> <span class='ocrx_word' id='word_1_8' title='bbox 1718 68 1787 118; x_wconf 85' lang='lat'>23</span> 
     </span>
    </p>
   </div>
   <div class='ocr_carea' id='block_1_2' title="bbox 40 197 1797 1684">
    <p class='ocr_par' dir='ltr' id='par_1_2' title="bbox 40 197 1797 1684">
     <span class='ocr_line' id='line_1_2' title="bbox 100 197 1784 270; baseline -0.004 -13"><span class='ocrx_word' id='word_1_9' title='bbox 100 202 308 270; x_wconf 86' lang='lat' dir='ltr'>gaudet</span> <span class='ocrx_word' id='word_1_10' title='bbox 339 202 394 254; x_wconf 90' lang='lat' dir='ltr'>in</span> <span class='ocrx_word' id='word_1_11' title='bbox 429 201 703 260; x_wconf 90' lang='lat' dir='ltr'>omnibus,</span> <span class='ocrx_word' id='word_1_12' title='bbox 736 199 951 264; x_wconf 87' lang='lat' dir='ltr'>angelis</span> <span class='ocrx_word' id='word_1_13' title='bbox 984 204 1038 251; x_wconf 92' lang='lat' dir='ltr'>et</span> <span class='ocrx_word' id='word_1_14' title='bbox 1073 197 1179 250; x_wconf 88' lang='lat' dir='ltr'>deo</span> <span class='ocrx_word' id='word_1_15' title='bbox 1213 197 1470 263; x_wconf 89' lang='lat' dir='ltr'>loquitur,</span> <span class='ocrx_word' id='word_1_16' title='bbox 1501 204 1784 250; x_wconf 81' lang='lat' dir='ltr'>creaturae</span> 
     </span>
     <span class='ocr_line' id='line_1_3' title="bbox 102 271 1787 339; baseline -0.004 -8"><span class='ocrx_word' id='word_1_17' title='bbox 102 278 265 338; x_wconf 81' lang='lat' dir='ltr'>iubet,</span> <span class='ocrx_word' id='word_1_18' title='bbox 301 275 668 329; x_wconf 90' lang='lat' dir='ltr'>daemonibus</span> <span class='ocrx_word' id='word_1_19' title='bbox 705 275 954 339; x_wconf 88' lang='lat' dir='ltr'>imperat,</span> <span class='ocrx_word' id='word_1_20' title='bbox 990 273 1345 326; x_wconf 89' lang='lat' dir='ltr'>existentium</span> <span class='ocrx_word' id='word_1_21' title='bbox 1381 278 1637 324; x_wconf 91' lang='lat' dir='ltr'>naturam</span> <span class='ocrx_word' id='word_1_22' title='bbox 1676 271 1787 324; x_wconf 90' lang='lat' dir='ltr'>dis-</span> 
     </span>
     <span class='ocr_line' id='line_1_4' title="bbox 102 346 1786 418; baseline -0.004 -13"><span class='ocrx_word' id='word_1_23' title='bbox 102 352 269 418; x_wconf 90' lang='lat' dir='ltr'><strong>ponit,</strong></span> <span class='ocrx_word' id='word_1_24' title='bbox 309 351 415 403; x_wconf 91' lang='lat' dir='ltr'>deo</span> <span class='ocrx_word' id='word_1_25' title='bbox 456 355 801 415; x_wconf 84' lang='lat' dir='ltr'>cooperatur,</span> <span class='ocrx_word' id='word_1_26' title='bbox 840 348 1042 401; x_wconf 90' lang='lat' dir='ltr'>domus</span> <span class='ocrx_word' id='word_1_27' title='bbox 1080 354 1134 400; x_wconf 92' lang='lat' dir='ltr'>et</span> <span class='ocrx_word' id='word_1_28' title='bbox 1172 347 1440 412; x_wconf 92' lang='lat' dir='ltr'>templum</span> <span class='ocrx_word' id='word_1_29' title='bbox 1481 347 1569 399; x_wconf 90' lang='lat' dir='ltr'>dei</span> <span class='ocrx_word' id='word_1_30' title='bbox 1604 346 1695 406; x_wconf 88' lang='lat' dir='ltr'>fit;</span> <span class='ocrx_word' id='word_1_31' title='bbox 1733 353 1786 399; x_wconf 92' lang='lat' dir='ltr'>et</span> 
     </span>
     <span class='ocr_line' id='line_1_5' title="bbox 101 420 1785 490; baseline -0.004 -11"><span class='ocrx_word' id='word_1_32' title='bbox 101 427 236 479; x_wconf 88' lang='lat' dir='ltr'>haec</span> <span class='ocrx_word' id='word_1_33' title='bbox 261 426 447 479; x_wconf 92' lang='lat' dir='ltr'>omnia</span> <span class='ocrx_word' id='word_1_34' title='bbox 474 439 571 490; x_wconf 92' lang='lat' dir='ltr'>per</span> <span class='ocrx_word' id='word_1_35' title='bbox 597 426 829 477; x_wconf 90' lang='lat' dir='ltr'>virtutes</span> <span class='ocrx_word' id='word_1_36' title='bbox 857 423 1099 488; x_wconf 89' lang='lat' dir='ltr'>adquirit</span> <span class='ocrx_word' id='word_1_37' title='bbox 1125 428 1179 476; x_wconf 91' lang='lat' dir='ltr'>et</span> <span class='ocrx_word' id='word_1_38' title='bbox 1203 422 1619 475; x_wconf 89' lang='lat' dir='ltr'>beatitudinem.</span> <span class='ocrx_word' id='word_1_39' title='bbox 1675 420 1785 474; x_wconf 92' lang='lat' dir='ltr'>Sed</span> 
     </span>
     <span class='ocr_line' id='line_1_6' title="bbox 40 497 1786 560; baseline -0.003 -7"><span class='ocrx_word' id='word_1_40' title='bbox 40 512 80 547; x_wconf 68' lang='lat'>⁴5</span> <span class='ocrx_word' id='word_1_41' title='bbox 100 516 168 554; x_wconf 92' lang='lat' dir='ltr'>ne</span> <span class='ocrx_word' id='word_1_42' title='bbox 205 501 495 553; x_wconf 90' lang='lat' dir='ltr'>videamur</span> <span class='ocrx_word' id='word_1_43' title='bbox 534 500 698 551; x_wconf 91' lang='lat' dir='ltr'>nimis</span> <span class='ocrx_word' id='word_1_44' title='bbox 736 504 990 551; x_wconf 87' lang='lat' dir='ltr'>accurate</span> <span class='ocrx_word' id='word_1_45' title='bbox 1029 499 1084 549; x_wconf 92' lang='lat' dir='ltr'>in</span> <span class='ocrx_word' id='word_1_46' title='bbox 1124 498 1345 550; x_wconf 90' lang='lat' dir='ltr'>laudem</span> <span class='ocrx_word' id='word_1_47' title='bbox 1384 497 1626 549; x_wconf 90' lang='lat' dir='ltr'>hominis</span> <span class='ocrx_word' id='word_1_48' title='bbox 1661 510 1786 560; x_wconf 92' lang='lat' dir='ltr'>pro-</span> 
     </span>
     <span class='ocr_line' id='line_1_7' title="bbox 102 571 1786 640; baseline -0.003 -13"><span class='ocrx_word' id='word_1_49' title='bbox 102 589 355 640; x_wconf 90' lang='lat' dir='ltr'>rumpere</span> <span class='ocrx_word' id='word_1_50' title='bbox 401 581 455 628; x_wconf 91' lang='lat' dir='ltr'>et</span> <span class='ocrx_word' id='word_1_51' title='bbox 501 581 754 627; x_wconf 90' lang='lat' dir='ltr'>naturam</span> <span class='ocrx_word' id='word_1_52' title='bbox 801 587 912 626; x_wconf 91' lang='lat' dir='ltr'>non</span> <span class='ocrx_word' id='word_1_53' title='bbox 958 586 1236 637; x_wconf 86' lang='lat' dir='ltr'>exponere</span> <span class='ocrx_word' id='word_1_54' title='bbox 1284 571 1589 624; x_wconf 90' lang='lat' dir='ltr'>secundum</span> <span class='ocrx_word' id='word_1_55' title='bbox 1636 571 1786 636; x_wconf 93' lang='lat' dir='ltr'>quod</span> 
     </span>
     <span class='ocr_line' id='line_1_8' title="bbox 107 646 1792 715; baseline -0.001 -13"><span class='ocrx_word' id='word_1_56' title='bbox 107 651 518 715; x_wconf 90' lang='lat' dir='ltr'>proposuimus,</span> <span class='ocrx_word' id='word_1_57' title='bbox 550 650 640 702; x_wconf 92' lang='lat' dir='ltr'>hic</span> <span class='ocrx_word' id='word_1_58' title='bbox 672 662 853 701; x_wconf 90' lang='lat' dir='ltr'>sermo</span> <span class='ocrx_word' id='word_1_59' title='bbox 887 653 972 700; x_wconf 90' lang='lat' dir='ltr'>est</span> <span class='ocrx_word' id='word_1_60' title='bbox 1005 647 1365 699; x_wconf 91' lang='lat' dir='ltr'>claudendus.</span> <span class='ocrx_word' id='word_1_61' title='bbox 1411 646 1519 698; x_wconf 91' lang='lat' dir='ltr'>Sed</span> <span class='ocrx_word' id='word_1_62' title='bbox 1554 650 1792 701; x_wconf 88' lang='lat' dir='ltr'>maxime</span> 
     </span>
     <span class='ocr_line' id='line_1_9' title="bbox 102 723 1789 787; baseline -0.002 -11"><span class='ocrx_word' id='word_1_63' title='bbox 102 731 330 777; x_wconf 89' lang='lat' dir='ltr'>naturae</span> <span class='ocrx_word' id='word_1_64' title='bbox 362 724 733 776; x_wconf 88' lang='lat' dir='ltr'>abundantias</span> <span class='ocrx_word' id='word_1_65' title='bbox 767 723 1011 775; x_wconf 90' lang='lat' dir='ltr'>dicentes</span> <span class='ocrx_word' id='word_1_66' title='bbox 1043 728 1298 774; x_wconf 90' lang='lat' dir='ltr'>naturam</span> <span class='ocrx_word' id='word_1_67' title='bbox 1331 723 1511 786; x_wconf 92' lang='lat' dir='ltr'>ipsam</span> <span class='ocrx_word' id='word_1_68' title='bbox 1544 736 1789 787; x_wconf 90' lang='lat' dir='ltr'>expona-</span> 
     </span>
     <span class='ocr_line' id='line_1_10' title="bbox 103 797 1789 863; baseline -0.002 -12"><span class='ocrx_word' id='word_1_69' title='bbox 103 814 240 851; x_wconf 79' lang='lat' dir='ltr'>muS.</span> <span class='ocrx_word' id='word_1_70' title='bbox 285 798 551 851; x_wconf 91' lang='lat' dir='ltr'>Videntes</span> <span class='ocrx_word' id='word_1_71' title='bbox 587 798 769 863; x_wconf 85' lang='lat' dir='ltr'>igitur,</span> <span class='ocrx_word' id='word_1_72' title='bbox 807 803 1070 862; x_wconf 90' lang='lat' dir='ltr'>quantam</span> <span class='ocrx_word' id='word_1_73' title='bbox 1107 797 1506 862; x_wconf 89' lang='lat' dir='ltr'>ingenuitatem</span> <span class='ocrx_word' id='word_1_74' title='bbox 1543 797 1789 861; x_wconf 90' lang='lat' dir='ltr'>percepi-</span> 
     </span>
     <span class='ocr_line' id='line_1_11' title="bbox 40 870 1788 936; baseline 0.001 -17"><span class='ocrx_word' id='word_1_75' title='bbox 40 883 82 919; x_wconf 87' lang='grc' dir='ltr'>ιο</span> <span class='ocrx_word' id='word_1_76' title='bbox 105 888 226 925; x_wconf 90' lang='lat' dir='ltr'>mus</span> <span class='ocrx_word' id='word_1_77' title='bbox 256 878 310 925; x_wconf 93' lang='lat' dir='ltr'>et</span> <span class='ocrx_word' id='word_1_78' title='bbox 345 873 493 936; x_wconf 91' lang='lat' dir='ltr'>quod</span> <span class='ocrx_word' id='word_1_79' title='bbox 529 872 720 936; x_wconf 88' lang='lat' dir='ltr'>planta</span> <span class='ocrx_word' id='word_1_80' title='bbox 755 886 947 923; x_wconf 91' lang='lat' dir='ltr'>sumus</span> <span class='ocrx_word' id='word_1_81' title='bbox 984 871 1253 930; x_wconf 83' lang='lat' dir='ltr'>caelestiS,</span> <span class='ocrx_word' id='word_1_82' title='bbox 1286 885 1355 922; x_wconf 91' lang='lat' dir='ltr'>ne</span> <span class='ocrx_word' id='word_1_83' title='bbox 1389 870 1788 934; x_wconf 88' lang='lat' dir='ltr'>degeneremus</span> 
     </span>
     <span class='ocr_line' id='line_1_12' title="bbox 103 946 1788 1011; baseline -0.002 -11"><span class='ocrx_word' id='word_1_84' title='bbox 103 963 136 999; x_wconf 90' lang='lat' dir='ltr'>a</span> <span class='ocrx_word' id='word_1_85' title='bbox 177 953 390 1007; x_wconf 87' lang='lat' dir='ltr'>natura,</span> <span class='ocrx_word' id='word_1_86' title='bbox 434 953 495 1000; x_wconf 93' lang='lat' dir='ltr'>ut</span> <span class='ocrx_word' id='word_1_87' title='bbox 538 947 742 1000; x_wconf 90' lang='lat' dir='ltr'>talibus</span> <span class='ocrx_word' id='word_1_88' title='bbox 785 947 949 999; x_wconf 91' lang='lat' dir='ltr'>donis</span> <span class='ocrx_word' id='word_1_89' title='bbox 992 961 1103 999; x_wconf 93' lang='lat' dir='ltr'>non</span> <span class='ocrx_word' id='word_1_90' title='bbox 1147 960 1520 1011; x_wconf 89' lang='lat' dir='ltr'>appareamus</span> <span class='ocrx_word' id='word_1_91' title='bbox 1559 946 1788 1011; x_wconf 84' lang='lat' dir='ltr'>indigni,</span> 
     </span>
     <span class='ocr_line' id='line_1_13' title="bbox 103 1021 1792 1087; baseline -0.001 -14"><span class='ocrx_word' id='word_1_92' title='bbox 103 1036 280 1087; x_wconf 90' lang='lat' dir='ltr'>neque</span> <span class='ocrx_word' id='word_1_93' title='bbox 307 1028 527 1083; x_wconf 84' lang='lat' dir='ltr'>nosmet</span> <span class='ocrx_word' id='word_1_94' title='bbox 553 1023 709 1087; x_wconf 92' lang='lat' dir='ltr'>ipsos</span> <span class='ocrx_word' id='word_1_95' title='bbox 737 1022 1020 1087; x_wconf 92' lang='lat' dir='ltr'>privemus</span> <span class='ocrx_word' id='word_1_96' title='bbox 1049 1027 1203 1074; x_wconf 90' lang='lat' dir='ltr'>tanta</span> <span class='ocrx_word' id='word_1_97' title='bbox 1232 1027 1508 1086; x_wconf 88' lang='lat' dir='ltr'>potestate</span> <span class='ocrx_word' id='word_1_98' title='bbox 1535 1027 1590 1073; x_wconf 91' lang='lat' dir='ltr'>et</span> <span class='ocrx_word' id='word_1_99' title='bbox 1611 1021 1792 1085; x_wconf 88' lang='lat' dir='ltr'>gloria</span> 
     </span>
     <span class='ocr_line' id='line_1_14' title="bbox 104 1095 1794 1161; baseline -0.001 -13"><span class='ocrx_word' id='word_1_100' title='bbox 104 1102 269 1161; x_wconf 89' lang='lat' dir='ltr'>atque</span> <span class='ocrx_word' id='word_1_101' title='bbox 301 1096 643 1149; x_wconf 91' lang='lat' dir='ltr'>beatitudine</span> <span class='ocrx_word' id='word_1_102' title='bbox 675 1102 728 1148; x_wconf 93' lang='lat' dir='ltr'>et</span> <span class='ocrx_word' id='word_1_103' title='bbox 760 1110 828 1147; x_wconf 93' lang='lat' dir='ltr'>ne</span> <span class='ocrx_word' id='word_1_104' title='bbox 863 1110 963 1160; x_wconf 90' lang='lat' dir='ltr'>pro</span> <span class='ocrx_word' id='word_1_105' title='bbox 996 1096 1217 1147; x_wconf 93' lang='lat' dir='ltr'>modico</span> <span class='ocrx_word' id='word_1_106' title='bbox 1249 1102 1497 1160; x_wconf 89' lang='lat' dir='ltr'>tempore</span> <span class='ocrx_word' id='word_1_107' title='bbox 1530 1095 1794 1159; x_wconf 89' lang='lat' dir='ltr'>brevique</span> 
     </span>
     <span class='ocr_line' id='line_1_15' title="bbox 105 1171 1792 1236; baseline -0.001 -13"><span class='ocrx_word' id='word_1_108' title='bbox 105 1171 469 1224; x_wconf 86' lang='lat' dir='ltr'>delectatione</span> <span class='ocrx_word' id='word_1_109' title='bbox 508 1172 755 1223; x_wconf 90' lang='lat' dir='ltr'>omnium</span> <span class='ocrx_word' id='word_1_110' title='bbox 796 1172 1256 1236; x_wconf 89' lang='lat' dir='ltr'>sempiternorum</span> <span class='ocrx_word' id='word_1_111' title='bbox 1296 1171 1617 1223; x_wconf 90' lang='lat' dir='ltr'>amittamus</span> <span class='ocrx_word' id='word_1_112' title='bbox 1656 1184 1792 1235; x_wconf 88' lang='lat' dir='ltr'>gau-</span> 
     </span>
     <span class='ocr_line' id='line_1_16' title="bbox 41 1245 1791 1311; baseline -0.001 -13"><span class='ocrx_word' id='word_1_113' title='bbox 41 1253 83 1288; x_wconf 78' lang='grc'>15</span> <span class='ocrx_word' id='word_1_114' title='bbox 105 1246 273 1305; x_wconf 90' lang='lat' dir='ltr'>dium,</span> <span class='ocrx_word' id='word_1_115' title='bbox 304 1246 401 1299; x_wconf 92' lang='lat' dir='ltr'>sed</span> <span class='ocrx_word' id='word_1_116' title='bbox 433 1260 530 1310; x_wconf 90' lang='lat' dir='ltr'>per</span> <span class='ocrx_word' id='word_1_117' title='bbox 559 1247 706 1298; x_wconf 92' lang='lat' dir='ltr'>bona</span> <span class='ocrx_word' id='word_1_118' title='bbox 736 1261 907 1311; x_wconf 90' lang='lat' dir='ltr'>opera</span> <span class='ocrx_word' id='word_1_119' title='bbox 936 1252 991 1298; x_wconf 91' lang='lat' dir='ltr'>et</span> <span class='ocrx_word' id='word_1_120' title='bbox 1017 1246 1409 1298; x_wconf 90' lang='lat' dir='ltr'>abstinentiam</span> <span class='ocrx_word' id='word_1_121' title='bbox 1435 1245 1708 1298; x_wconf 91' lang='lat' dir='ltr'>malorum</span> <span class='ocrx_word' id='word_1_122' title='bbox 1738 1252 1791 1298; x_wconf 89' lang='lat' dir='ltr'>et</span> 
     </span>
     <span class='ocr_line' id='line_1_17' title="bbox 107 1321 1793 1385; baseline 0.001 -14"><span class='ocrx_word' id='word_1_123' title='bbox 107 1327 310 1373; x_wconf 89' lang='lat' dir='ltr'>rectam</span> <span class='ocrx_word' id='word_1_124' title='bbox 334 1321 710 1380; x_wconf 88' lang='lat' dir='ltr'>intentionem,</span> <span class='ocrx_word' id='word_1_125' title='bbox 737 1322 823 1373; x_wconf 91' lang='lat' dir='ltr'>cui</span> <span class='ocrx_word' id='word_1_126' title='bbox 849 1322 1088 1373; x_wconf 87' lang='lat' dir='ltr'>maxime</span> <span class='ocrx_word' id='word_1_127' title='bbox 1115 1321 1366 1373; x_wconf 90' lang='lat' dir='ltr'>divinum</span> <span class='ocrx_word' id='word_1_128' title='bbox 1394 1321 1680 1385; x_wconf 92' lang='lat' dir='ltr'>cooperari</span> <span class='ocrx_word' id='word_1_129' title='bbox 1707 1334 1793 1373; x_wconf 93' lang='lat' dir='ltr'>so-</span> 
     </span>
     <span class='ocr_line' id='line_1_18' title="bbox 111 1395 1797 1459; baseline 0.001 -14"><span class='ocrx_word' id='word_1_130' title='bbox 111 1395 197 1453; x_wconf 92' lang='lat' dir='ltr'>let,</span> <span class='ocrx_word' id='word_1_131' title='bbox 233 1409 334 1446; x_wconf 91' lang='lat' dir='ltr'>nec</span> <span class='ocrx_word' id='word_1_132' title='bbox 366 1409 477 1446; x_wconf 91' lang='lat' dir='ltr'>non</span> <span class='ocrx_word' id='word_1_133' title='bbox 510 1401 566 1447; x_wconf 92' lang='lat' dir='ltr'>et</span> <span class='ocrx_word' id='word_1_134' title='bbox 601 1395 983 1459; x_wconf 82' lang='lat' dir='ltr'>frequentibus</span> <span class='ocrx_word' id='word_1_135' title='bbox 1019 1395 1365 1447; x_wconf 92' lang='lat' dir='ltr'>orationibus</span> <span class='ocrx_word' id='word_1_136' title='bbox 1398 1396 1797 1459; x_wconf 87' lang='lat' dir='ltr'>ingenuitatem</span> 
     </span>
     <span class='ocr_line' id='line_1_19' title="bbox 107 1469 1794 1535; baseline 0.001 -14"><span class='ocrx_word' id='word_1_137' title='bbox 107 1484 512 1522; x_wconf 91' lang='lat' dir='ltr'>conservemus.</span> <span class='ocrx_word' id='word_1_138' title='bbox 559 1469 641 1522; x_wconf 90' lang='lat' dir='ltr'>De</span> <span class='ocrx_word' id='word_1_139' title='bbox 675 1471 763 1522; x_wconf 92' lang='lat' dir='ltr'>his</span> <span class='ocrx_word' id='word_1_140' title='bbox 798 1471 966 1535; x_wconf 86' lang='lat' dir='ltr'>igitur</span> <span class='ocrx_word' id='word_1_141' title='bbox 1002 1470 1291 1523; x_wconf 83' lang='lat' dir='ltr'>sufficiant</span> <span class='ocrx_word' id='word_1_142' title='bbox 1324 1471 1476 1523; x_wconf 87' lang='lat' dir='ltr'>haee.</span> <span class='ocrx_word' id='word_1_143' title='bbox 1522 1470 1631 1522; x_wconf 91' lang='lat' dir='ltr'>Sed</span> <span class='ocrx_word' id='word_1_144' title='bbox 1664 1472 1794 1534; x_wconf 91' lang='lat' dir='ltr'>quia</span> 
     </span>
     <span class='ocr_line' id='line_1_20' title="bbox 107 1544 1793 1610; baseline 0.001 -15"><span class='ocrx_word' id='word_1_145' title='bbox 107 1544 383 1596; x_wconf 91' lang='lat' dir='ltr'>hominem</span> <span class='ocrx_word' id='word_1_146' title='bbox 418 1558 486 1597; x_wconf 92' lang='lat' dir='ltr'>ex</span> <span class='ocrx_word' id='word_1_147' title='bbox 519 1546 704 1596; x_wconf 91' lang='lat' dir='ltr'>anima</span> <span class='ocrx_word' id='word_1_148' title='bbox 736 1559 859 1597; x_wconf 88' lang='lat' dir='ltr'>esse</span> <span class='ocrx_word' id='word_1_149' title='bbox 892 1551 946 1597; x_wconf 93' lang='lat' dir='ltr'>et</span> <span class='ocrx_word' id='word_1_150' title='bbox 979 1559 1210 1610; x_wconf 91' lang='lat' dir='ltr'>corpore</span> <span class='ocrx_word' id='word_1_151' title='bbox 1243 1546 1582 1609; x_wconf 89' lang='lat' dir='ltr'>praecedens</span> <span class='ocrx_word' id='word_1_152' title='bbox 1612 1559 1793 1597; x_wconf 90' lang='lat' dir='ltr'>sermo</span> 
     </span>
     <span class='ocr_line' id='line_1_21' title="bbox 109 1619 1795 1684; baseline 0.001 -14"><span class='ocrx_word' id='word_1_153' title='bbox 109 1619 414 1683; x_wconf 90' lang='lat' dir='ltr'>proposuit,</span> <span class='ocrx_word' id='word_1_154' title='bbox 451 1620 604 1684; x_wconf 92' lang='lat' dir='ltr'>prius</span> <span class='ocrx_word' id='word_1_155' title='bbox 642 1619 710 1672; x_wconf 93' lang='lat' dir='ltr'>de</span> <span class='ocrx_word' id='word_1_156' title='bbox 745 1621 932 1672; x_wconf 91' lang='lat' dir='ltr'>anima</span> <span class='ocrx_word' id='word_1_157' title='bbox 967 1621 1312 1684; x_wconf 90' lang='lat' dir='ltr'>incipiamus,</span> <span class='ocrx_word' id='word_1_158' title='bbox 1350 1620 1795 1684; x_wconf 89' lang='lat' dir='ltr'>derelinquentes</span> 
     </span>
    </p>
   </div>
   <div class='ocr_carea' id='block_1_3' title="bbox 107 1694 1794 1834">
    <p class='ocr_par' dir='ltr' id='par_1_3' title="bbox 107 1694 1794 1834">
     <span class='ocr_line' id='line_1_22' title="bbox 107 1694 1794 1759; baseline 0.001 -15"><span class='ocrx_word' id='word_1_159' title='bbox 107 1707 188 1751; x_wconf 87' lang='lat' dir='ltr'>ea,</span> <span class='ocrx_word' id='word_1_160' title='bbox 227 1707 368 1758; x_wconf 89' lang='lat' dir='ltr'>quae</span> <span class='ocrx_word' id='word_1_161' title='bbox 408 1694 572 1746; x_wconf 90' lang='lat' dir='ltr'>valde</span> <span class='ocrx_word' id='word_1_162' title='bbox 613 1701 742 1747; x_wconf 92' lang='lat' dir='ltr'>sunt</span> <span class='ocrx_word' id='word_1_163' title='bbox 780 1695 1004 1747; x_wconf 84' lang='lat' dir='ltr'>subtilia</span> <span class='ocrx_word' id='word_1_164' title='bbox 1044 1701 1098 1746; x_wconf 92' lang='lat' dir='ltr'>et</span> <span class='ocrx_word' id='word_1_165' title='bbox 1137 1695 1395 1747; x_wconf 91' lang='lat' dir='ltr'>difficilia</span> <span class='ocrx_word' id='word_1_166' title='bbox 1430 1695 1794 1759; x_wconf 90' lang='lat' dir='ltr'>plurimisque</span> 
     </span>
     <span class='ocr_line' id='line_1_23' title="bbox 110 1768 756 1834; baseline 0.006 -17"><span class='ocrx_word' id='word_1_167' title='bbox 110 1768 511 1831; x_wconf 90' lang='lat' dir='ltr'>inquirentibus</span> <span class='ocrx_word' id='word_1_168' title='bbox 549 1770 756 1834; x_wconf 88' lang='lat' dir='ltr'>ignota.</span> 
     </span>
    </p>
   </div>
   <div class='ocr_carea' id='block_1_4' title="bbox 736 1915 1174 1985">
    <p class='ocr_par' dir='ltr' id='par_1_4' title="bbox 736 1915 1174 1985">
     <span class='ocr_line' id='line_1_24' title="bbox 736 1915 1174 1985; baseline 0.007 -3"><span class='ocrx_word' id='word_1_169' title='bbox 736 1915 852 1983; x_wconf 88' lang='lat' dir='ltr'>DE</span> <span class='ocrx_word' id='word_1_170' title='bbox 902 1916 1174 1985; x_wconf 83' lang='grc' dir='ltr'>ΑΝΙΜΑ</span> 
     </span>
    </p>
   </div>
   <div class='ocr_carea' id='block_1_5' title="bbox 111 2050 1799 2192">
    <p class='ocr_par' dir='ltr' id='par_1_5' title="bbox 111 2050 1799 2192">
     <span class='ocr_line' id='line_1_25' title="bbox 181 2050 1799 2115; baseline 0.002 -15"><span class='ocrx_word' id='word_1_171' title='bbox 181 2050 302 2101; x_wconf 91' lang='lat' dir='ltr'>Non</span> <span class='ocrx_word' id='word_1_172' title='bbox 336 2051 587 2114; x_wconf 88' lang='lat' dir='ltr'>ignotum</span> <span class='ocrx_word' id='word_1_173' title='bbox 617 2057 702 2103; x_wconf 92' lang='lat' dir='ltr'>est</span> <span class='ocrx_word' id='word_1_174' title='bbox 733 2053 1085 2115; x_wconf 90' lang='lat' dir='ltr'>antiquorum</span> <span class='ocrx_word' id='word_1_175' title='bbox 1120 2054 1366 2104; x_wconf 90' lang='lat' dir='ltr'>omnium</span> <span class='ocrx_word' id='word_1_176' title='bbox 1401 2054 1701 2105; x_wconf 89' lang='lat' dir='ltr'>sententias</span> <span class='ocrx_word' id='word_1_177' title='bbox 1733 2053 1799 2104; x_wconf 93' lang='lat' dir='ltr'>de</span> 
     </span>
     <span class='ocr_line' id='line_1_26' title="bbox 111 2125 1797 2192; baseline 0.002 -18"><span class='ocrx_word' id='word_1_178' title='bbox 111 2126 295 2175; x_wconf 88' lang='lat' dir='ltr'>anima</span> <span class='ocrx_word' id='word_1_179' title='bbox 329 2139 451 2176; x_wconf 90' lang='lat' dir='ltr'>esse</span> <span class='ocrx_word' id='word_1_180' title='bbox 488 2125 752 2178; x_wconf 89' lang='lat' dir='ltr'>diversas.</span> <span class='ocrx_word' id='word_1_181' title='bbox 799 2127 1245 2180; x_wconf 88' lang='lat' dir='ltr'>Democritus</span> <span class='ocrx_word' id='word_1_182' title='bbox 1280 2142 1518 2192; x_wconf 90' lang='lat' dir='ltr'>namque</span> <span class='ocrx_word' id='word_1_183' title='bbox 1552 2134 1607 2180; x_wconf 92' lang='lat' dir='ltr'>et</span> <span class='ocrx_word' id='word_1_184' title='bbox 1640 2128 1797 2191; x_wconf 89' lang='lat' dir='ltr'>Epi-</span> 
     </span>
    </p>
   </div>
   <div class='ocr_carea' id='block_1_6' title="bbox 42 1680 86 1715">
    <p class='ocr_par' dir='ltr' id='par_1_6' title="bbox 42 1680 86 1715">
     <span class='ocr_line' id='line_1_27' title="bbox 42 1680 86 1715; baseline 0 0"><span class='ocrx_word' id='word_1_185' title='bbox 42 1680 86 1715; x_wconf 81' lang='lat'>2⁰</span> 
     </span>
    </p>
   </div>
   <div class='ocr_carea' id='block_1_7' title="bbox 41 2186 85 2222">
    <p class='ocr_par' dir='ltr' id='par_1_7' title="bbox 41 2186 85 2222">
     <span class='ocr_line' id='line_1_28' title="bbox 41 2186 85 2222; baseline 0 -2"><span class='ocrx_word' id='word_1_186' title='bbox 41 2186 85 2222; x_wconf 85' lang='lat'>25</span> 
     </span>
    </p>
   </div>
   <div class='ocr_carea' id='block_1_8' title="bbox 26 2244 1809 2950">
    <p class='ocr_par' dir='ltr' id='par_1_8' title="bbox 108 2244 1802 2778">
     <span class='ocr_line' id='line_1_29' title="bbox 182 2244 1799 2299; baseline 0.002 -14"><span class='ocrx_word' id='word_1_187' title='bbox 182 2246 206 2286; x_wconf 87' lang='grc'>2</span> <span class='ocrx_word' id='word_1_188' title='bbox 241 2247 432 2297; x_wconf 78' lang='lat' dir='ltr'>imperet</span> <span class='ocrx_word' id='word_1_189' title='bbox 462 2244 631 2298; x_wconf 82' lang='lat' dir='ltr'>(supra</span> <span class='ocrx_word' id='word_1_190' title='bbox 665 2258 691 2288; x_wconf 88' lang='lat' dir='ltr'>e</span> <span class='ocrx_word' id='word_1_191' title='bbox 723 2249 924 2290; x_wconf 79' lang='lat' dir='ltr'>deletum</span> <span class='ocrx_word' id='word_1_192' title='bbox 957 2261 1045 2290; x_wconf 84' lang='lat' dir='ltr'>scr.</span> <span class='ocrx_word' id='word_1_193' title='bbox 1071 2261 1098 2289; x_wconf 87' lang='lat' dir='ltr'>a</span> <span class='ocrx_word' id='word_1_194' title='bbox 1131 2262 1188 2290; x_wconf 83' lang='lat' dir='ltr'>m.</span> <span class='ocrx_word' id='word_1_195' title='bbox 1219 2255 1235 2290; x_wconf 90' lang='lat' dir='ltr'>l</span> <span class='ocrx_word' id='word_1_196' title='bbox 1265 2252 1316 2290; x_wconf 79' lang='lat' dir='ltr'>ut</span> <span class='ocrx_word' id='word_1_197' title='bbox 1341 2247 1456 2299; x_wconf 77' lang='lat' dir='ltr'>vid.)</span> <span class='ocrx_word' id='word_1_198' title='bbox 1491 2249 1529 2291; x_wconf 90' lang='lat' dir='ltr'><em>C</em></span> <span class='ocrx_word' id='word_1_199' title='bbox 1648 2249 1673 2289; x_wconf 88' lang='grc'>3</span> <span class='ocrx_word' id='word_1_200' title='bbox 1707 2247 1799 2297; x_wconf 84' lang='lat' dir='ltr'>dei]</span> 
     </span>
     <span class='ocr_line' id='line_1_30' title="bbox 108 2303 1802 2356; baseline 0.001 -10"><span class='ocrx_word' id='word_1_201' title='bbox 108 2306 196 2346; x_wconf 85' lang='lat' dir='ltr'>deo</span> <span class='ocrx_word' id='word_1_202' title='bbox 220 2305 254 2346; x_wconf 87' lang='lat' dir='ltr'><em>A</em></span> <span class='ocrx_word' id='word_1_203' title='bbox 335 2305 362 2345; x_wconf 83' lang='lat'><strong>4</strong></span> <span class='ocrx_word' id='word_1_204' title='bbox 394 2307 579 2356; x_wconf 82' lang='lat' dir='ltr'>inquirit</span> <span class='ocrx_word' id='word_1_205' title='bbox 603 2307 640 2347; x_wconf 91' lang='grc' dir='ltr'><em>Β</em></span> <span class='ocrx_word' id='word_1_206' title='bbox 717 2307 742 2347; x_wconf 91' lang='grc'>5</span> <span class='ocrx_word' id='word_1_207' title='bbox 775 2308 1015 2349; x_wconf 86' lang='lat' dir='ltr'>videamus</span> <span class='ocrx_word' id='word_1_208' title='bbox 1039 2303 1148 2350; x_wconf 84' lang='lat' dir='ltr'>P¹C</span> <span class='ocrx_word' id='word_1_209' title='bbox 1184 2321 1303 2350; x_wconf 84' lang='lat' dir='ltr'>corr.</span> <span class='ocrx_word' id='word_1_210' title='bbox 1329 2303 1387 2350; x_wconf 69' lang='grc' dir='ltr'>Ρ3</span> <span class='ocrx_word' id='word_1_211' title='bbox 1413 2311 1465 2350; x_wconf 79' lang='lat' dir='ltr'>ut</span> <span class='ocrx_word' id='word_1_212' title='bbox 1490 2311 1582 2350; x_wconf 82' lang='lat' dir='ltr'>vid.</span> <span class='ocrx_word' id='word_1_213' title='bbox 1663 2309 1686 2348; x_wconf 94' lang='grc'><strong>7</strong></span> <span class='ocrx_word' id='word_1_214' title='bbox 1733 2312 1802 2350; x_wconf 89' lang='lat' dir='ltr'>est</span> 
     </span>
     <span class='ocr_line' id='line_1_31' title="bbox 108 2364 1801 2419; baseline 0.002 -15"><span class='ocrx_word' id='word_1_215' title='bbox 108 2376 196 2405; x_wconf 87' lang='lat' dir='ltr'>om.</span> <span class='ocrx_word' id='word_1_216' title='bbox 230 2365 275 2405; x_wconf 90' lang='lat' dir='ltr'>M</span> <span class='ocrx_word' id='word_1_217' title='bbox 358 2366 658 2407; x_wconf 86' lang='lat' dir='ltr'>claudendus.</span> <span class='ocrx_word' id='word_1_218' title='bbox 722 2364 844 2415; x_wconf 89' lang='lat' dir='ltr'>Sedl·</span> <span class='ocrx_word' id='word_1_219' title='bbox 866 2368 1164 2415; x_wconf 80' lang='lat' dir='ltr'>claudenduS,</span> <span class='ocrx_word' id='word_1_220' title='bbox 1198 2370 1236 2408; x_wconf 89' lang='lat' dir='ltr'>si</span> <span class='ocrx_word' id='word_1_221' title='bbox 1270 2372 1314 2410; x_wconf 89' lang='lat' dir='ltr'>et</span> <span class='ocrx_word' id='word_1_222' title='bbox 1345 2368 1440 2410; x_wconf 90' lang='grc' dir='ltr'>Ηο.</span> <span class='ocrx_word' id='word_1_223' title='bbox 1472 2369 1801 2419; x_wconf 80' lang='lat' dir='ltr'>probabiliter,</span> 
     </span>
     <span class='ocr_line' id='line_1_32' title="bbox 109 2418 1744 2477; baseline 0.002 -13"><span class='ocrx_word' id='word_1_224' title='bbox 109 2425 165 2474; x_wconf 83' lang='lat' dir='ltr'>cf.</span> <span class='ocrx_word' id='word_1_225' title='bbox 197 2418 236 2462; x_wconf 78' lang='grc' dir='ltr'>εἰ</span> <span class='ocrx_word' id='word_1_226' title='bbox 268 2421 343 2463; x_wconf 85' lang='grc' dir='ltr'>καὶ</span> <span class='ocrx_word' id='word_1_227' title='bbox 374 2421 480 2474; x_wconf 87' lang='lat' dir='ltr'>(etsi</span> <span class='ocrx_word' id='word_1_228' title='bbox 512 2426 581 2476; x_wconf 79' lang='lat'>39</span> <span class='ocrx_word' id='word_1_229' title='bbox 612 2423 684 2474; x_wconf 84' lang='lat' dir='ltr'>El)</span> <span class='ocrx_word' id='word_1_230' title='bbox 771 2426 797 2467; x_wconf 90' lang='lat'>8</span> <span class='ocrx_word' id='word_1_231' title='bbox 832 2427 1172 2468; x_wconf 72' lang='lat' dir='ltr'>habundantius</span> <span class='ocrx_word' id='word_1_232' title='bbox 1203 2429 1243 2469; x_wconf 93' lang='lat' dir='ltr'>D</span> <span class='ocrx_word' id='word_1_233' title='bbox 1300 2425 1341 2477; x_wconf 90' lang='lat' dir='ltr'>(s</span> <span class='ocrx_word' id='word_1_234' title='bbox 1374 2439 1429 2469; x_wconf 81' lang='lat' dir='ltr'>ex</span> <span class='ocrx_word' id='word_1_235' title='bbox 1462 2440 1503 2468; x_wconf 91' lang='lat' dir='ltr'>m</span> <span class='ocrx_word' id='word_1_236' title='bbox 1538 2440 1595 2468; x_wconf 93' lang='lat' dir='ltr'>m.</span> <span class='ocrx_word' id='word_1_237' title='bbox 1628 2424 1674 2477; x_wconf 86' lang='lat'>2)</span> <span class='ocrx_word' id='word_1_238' title='bbox 1706 2426 1744 2468; x_wconf 90' lang='grc' dir='ltr'><em>Ρ</em></span> 
     </span>
     <span class='ocr_line' id='line_1_33' title="bbox 110 2483 1802 2536; baseline 0.003 -13"><span class='ocrx_word' id='word_1_239' title='bbox 110 2483 196 2532; x_wconf 83' lang='lat' dir='ltr'>ips.</span> <span class='ocrx_word' id='word_1_240' title='bbox 228 2495 397 2533; x_wconf 87' lang='lat' dir='ltr'>expon.</span> <span class='ocrx_word' id='word_1_241' title='bbox 430 2487 613 2536; x_wconf 77' lang='lat' dir='ltr'>transp.</span> <span class='ocrx_word' id='word_1_242' title='bbox 639 2485 686 2526; x_wconf 90' lang='lat' dir='ltr'>M</span> <span class='ocrx_word' id='word_1_243' title='bbox 773 2485 826 2526; x_wconf 94' lang='lat'>10</span> <span class='ocrx_word' id='word_1_244' title='bbox 858 2497 918 2527; x_wconf 88' lang='lat' dir='ltr'>ne</span> <span class='ocrx_word' id='word_1_245' title='bbox 942 2486 989 2527; x_wconf 90' lang='lat' dir='ltr'><strong>M</strong></span> <span class='ocrx_word' id='word_1_246' title='bbox 1020 2499 1115 2528; x_wconf 89' lang='lat' dir='ltr'>non</span> <span class='ocrx_word' id='word_1_247' title='bbox 1139 2488 1177 2528; x_wconf 88' lang='grc' dir='ltr'><em>Β</em></span> <span class='ocrx_word' id='word_1_248' title='bbox 1258 2487 1304 2527; x_wconf 94' lang='grc'>11</span> <span class='ocrx_word' id='word_1_249' title='bbox 1343 2491 1390 2528; x_wconf 90' lang='lat' dir='ltr'>ut</span> <span class='ocrx_word' id='word_1_250' title='bbox 1417 2518 1456 2528; x_wconf 91' lang='lat'>..</span> <span class='ocrx_word' id='word_1_251' title='bbox 1483 2498 1577 2527; x_wconf 91' lang='lat' dir='ltr'>non</span> <span class='ocrx_word' id='word_1_252' title='bbox 1603 2486 1649 2528; x_wconf 87' lang='lat' dir='ltr'>M</span> <span class='ocrx_word' id='word_1_253' title='bbox 1682 2498 1741 2528; x_wconf 90' lang='lat' dir='ltr'>ne</span> <span class='ocrx_word' id='word_1_254' title='bbox 1766 2488 1802 2528; x_wconf 88' lang='lat' dir='ltr'><em>B</em></span> 
     </span>
     <span class='ocr_line' id='line_1_34' title="bbox 110 2539 1799 2597; baseline 0.003 -15"><span class='ocrx_word' id='word_1_255' title='bbox 110 2552 196 2583; x_wconf 89' lang='lat' dir='ltr'>nec</span> <span class='ocrx_word' id='word_1_256' title='bbox 226 2542 300 2584; x_wconf 92' lang='lat' dir='ltr'>Ho</span> <span class='ocrx_word' id='word_1_257' title='bbox 332 2539 505 2594; x_wconf 87' lang='lat' dir='ltr'>(neque</span> <span class='ocrx_word' id='word_1_258' title='bbox 537 2545 605 2597; x_wconf 75' lang='lat' dir='ltr'>By</span> <span class='ocrx_word' id='word_1_259' title='bbox 636 2542 709 2595; x_wconf 89' lang='lat' dir='ltr'>El)</span> <span class='ocrx_word' id='word_1_260' title='bbox 888 2545 940 2585; x_wconf 90' lang='lat'>12</span> <span class='ocrx_word' id='word_1_261' title='bbox 974 2547 1084 2596; x_wconf 86' lang='lat' dir='ltr'>priv.</span> <span class='ocrx_word' id='word_1_262' title='bbox 1116 2549 1243 2587; x_wconf 86' lang='lat' dir='ltr'>tanta</span> <span class='ocrx_word' id='word_1_263' title='bbox 1276 2550 1369 2596; x_wconf 64' lang='lat' dir='ltr'>pot,</span> <span class='ocrx_word' id='word_1_264' title='bbox 1403 2547 1441 2587; x_wconf 91' lang='grc' dir='ltr'><em>Ρ</em></span> <span class='ocrx_word' id='word_1_265' title='bbox 1531 2550 1657 2587; x_wconf 84' lang='lat' dir='ltr'>tanta</span> <span class='ocrx_word' id='word_1_266' title='bbox 1689 2548 1799 2596; x_wconf 87' lang='lat' dir='ltr'>priv.</span> 
     </span>
     <span class='ocr_line' id='line_1_35' title="bbox 113 2599 1800 2655; baseline 0.002 -13"><span class='ocrx_word' id='word_1_267' title='bbox 113 2604 205 2650; x_wconf 87' lang='lat' dir='ltr'>pot.</span> <span class='ocrx_word' id='word_1_268' title='bbox 237 2599 346 2651; x_wconf 84' lang='lat' dir='ltr'>(hoc</span> <span class='ocrx_word' id='word_1_269' title='bbox 377 2601 500 2654; x_wconf 86' lang='lat' dir='ltr'>ord.)</span> <span class='ocrx_word' id='word_1_270' title='bbox 535 2603 573 2645; x_wconf 91' lang='lat' dir='ltr'><em>C</em></span> <span class='ocrx_word' id='word_1_271' title='bbox 601 2616 629 2644; x_wconf 88' lang='lat' dir='ltr'>a</span> <span class='ocrx_word' id='word_1_272' title='bbox 659 2607 786 2645; x_wconf 82' lang='lat' dir='ltr'>tanta</span> <span class='ocrx_word' id='word_1_273' title='bbox 819 2605 928 2654; x_wconf 78' lang='lat' dir='ltr'>priv.</span> <span class='ocrx_word' id='word_1_274' title='bbox 963 2609 1056 2655; x_wconf 90' lang='lat' dir='ltr'>pot.</span> <span class='ocrx_word' id='word_1_275' title='bbox 1087 2606 1122 2647; x_wconf 92' lang='lat' dir='ltr'><em>A</em></span> <span class='ocrx_word' id='word_1_276' title='bbox 1158 2607 1268 2655; x_wconf 87' lang='lat' dir='ltr'>priv.</span> <span class='ocrx_word' id='word_1_277' title='bbox 1303 2610 1396 2655; x_wconf 89' lang='lat' dir='ltr'>pot.</span> <span class='ocrx_word' id='word_1_278' title='bbox 1430 2606 1466 2647; x_wconf 88' lang='grc' dir='ltr'><em>Β</em></span> <span class='ocrx_word' id='word_1_279' title='bbox 1600 2606 1652 2646; x_wconf 89' lang='grc'>16</span> <span class='ocrx_word' id='word_1_280' title='bbox 1686 2606 1800 2646; x_wconf 87' lang='lat' dir='ltr'>divi-</span> 
     </span>
     <span class='ocr_line' id='line_1_36' title="bbox 112 2660 1799 2707; baseline 0.003 -6"><span class='ocrx_word' id='word_1_281' title='bbox 112 2671 198 2702; x_wconf 90' lang='lat' dir='ltr'>nus</span> <span class='ocrx_word' id='word_1_282' title='bbox 221 2660 256 2702; x_wconf 88' lang='lat' dir='ltr'><em>A</em></span> <span class='ocrx_word' id='word_1_283' title='bbox 291 2661 504 2704; x_wconf 82' lang='lat' dir='ltr'>divinitas</span> <span class='ocrx_word' id='word_1_284' title='bbox 528 2664 566 2705; x_wconf 88' lang='lat' dir='ltr'><em>B</em></span> <span class='ocrx_word' id='word_1_285' title='bbox 631 2664 682 2704; x_wconf 92' lang='grc'>17</span> <span class='ocrx_word' id='word_1_286' title='bbox 716 2675 803 2706; x_wconf 90' lang='lat' dir='ltr'>nec</span> <span class='ocrx_word' id='word_1_287' title='bbox 828 2675 923 2706; x_wconf 91' lang='lat' dir='ltr'>non</span> <span class='ocrx_word' id='word_1_288' title='bbox 949 2668 994 2706; x_wconf 87' lang='lat' dir='ltr'>et</span> <span class='ocrx_word' id='word_1_289' title='bbox 1016 2664 1103 2707; x_wconf 84' lang='lat' dir='ltr'>PC</span> <span class='ocrx_word' id='word_1_290' title='bbox 1131 2676 1218 2706; x_wconf 88' lang='lat' dir='ltr'>nec</span> <span class='ocrx_word' id='word_1_291' title='bbox 1242 2677 1337 2707; x_wconf 90' lang='lat' dir='ltr'>non</span> <span class='ocrx_word' id='word_1_292' title='bbox 1361 2666 1396 2707; x_wconf 88' lang='lat' dir='ltr'><em>A</em></span> <span class='ocrx_word' id='word_1_293' title='bbox 1431 2677 1534 2707; x_wconf 90' lang='lat' dir='ltr'>cum</span> <span class='ocrx_word' id='word_1_294' title='bbox 1558 2666 1597 2706; x_wconf 89' lang='grc' dir='ltr'><em>Β</em></span> <span class='ocrx_word' id='word_1_295' title='bbox 1628 2669 1673 2707; x_wconf 89' lang='lat' dir='ltr'>et</span> <span class='ocrx_word' id='word_1_296' title='bbox 1698 2677 1799 2706; x_wconf 91' lang='lat' dir='ltr'>cum</span> 
     </span>
     <span class='ocr_line' id='line_1_37' title="bbox 111 2720 1742 2778; baseline 0.003 -18"><span class='ocrx_word' id='word_1_297' title='bbox 111 2720 184 2762; x_wconf 90' lang='grc' dir='ltr'>Ηο</span> <span class='ocrx_word' id='word_1_298' title='bbox 254 2720 555 2772; x_wconf 84' lang='lat' dir='ltr'>orationibus]</span> <span class='ocrx_word' id='word_1_299' title='bbox 590 2725 938 2774; x_wconf 85' lang='lat' dir='ltr'>operationibus</span> <span class='ocrx_word' id='word_1_300' title='bbox 970 2724 1004 2765; x_wconf 87' lang='lat' dir='ltr'><em>A</em></span> <span class='ocrx_word' id='word_1_301' title='bbox 1119 2723 1172 2765; x_wconf 89' lang='lat'>18</span> <span class='ocrx_word' id='word_1_302' title='bbox 1204 2724 1309 2767; x_wconf 79' lang='lat' dir='ltr'>suff.</span> <span class='ocrx_word' id='word_1_303' title='bbox 1342 2725 1458 2767; x_wconf 86' lang='lat' dir='ltr'>haec</span> <span class='ocrx_word' id='word_1_304' title='bbox 1491 2727 1675 2778; x_wconf 74' lang='lat' dir='ltr'>tran-sp.</span> <span class='ocrx_word' id='word_1_305' title='bbox 1708 2724 1742 2766; x_wconf 89' lang='lat' dir='ltr'><em>A</em></span> 
     </span>
    </p>

    <p class='ocr_par' dir='ltr' id='par_1_9' title="bbox 26 2777 1809 2835">
     <span class='ocr_line' id='line_1_38' title="bbox 26 2777 1809 2835; baseline 0.004 -17"><span class='ocrx_word' id='word_1_306' title='bbox 26 2777 36 2786; x_wconf 89' lang='lat'>&#39;</span> <span class='ocrx_word' id='word_1_307' title='bbox 117 2779 170 2819; x_wconf 88' lang='grc'>19</span> <span class='ocrx_word' id='word_1_308' title='bbox 202 2790 276 2820; x_wconf 83' lang='lat' dir='ltr'>an.</span> <span class='ocrx_word' id='word_1_309' title='bbox 302 2782 347 2820; x_wconf 84' lang='lat' dir='ltr'>et</span> <span class='ocrx_word' id='word_1_310' title='bbox 371 2791 494 2832; x_wconf 85' lang='lat' dir='ltr'>corp.</span> <span class='ocrx_word' id='word_1_311' title='bbox 520 2792 624 2824; x_wconf 85' lang='lat' dir='ltr'>esse</span> <span class='ocrx_word' id='word_1_312' title='bbox 641 2782 730 2825; x_wconf 91' lang='lat' dir='ltr'><em>AC</em></span> <span class='ocrx_word' id='word_1_313' title='bbox 751 2794 874 2833; x_wconf 89' lang='lat' dir='ltr'>corp.</span> <span class='ocrx_word' id='word_1_314' title='bbox 901 2794 1005 2824; x_wconf 90' lang='lat' dir='ltr'>esse</span> <span class='ocrx_word' id='word_1_315' title='bbox 1031 2786 1076 2825; x_wconf 87' lang='lat' dir='ltr'>et</span> <span class='ocrx_word' id='word_1_316' title='bbox 1100 2794 1174 2824; x_wconf 83' lang='lat' dir='ltr'>an.</span> <span class='ocrx_word' id='word_1_317' title='bbox 1192 2784 1229 2825; x_wconf 89' lang='lat' dir='ltr'><strong><em>B</em></strong></span> <span class='ocrx_word' id='word_1_318' title='bbox 1252 2781 1363 2835; x_wconf 82' lang='lat' dir='ltr'>(hoc</span> <span class='ocrx_word' id='word_1_319' title='bbox 1386 2781 1510 2834; x_wconf 85' lang='lat' dir='ltr'>ord.)</span> <span class='ocrx_word' id='word_1_320' title='bbox 1574 2784 1624 2826; x_wconf 87' lang='grc'>21</span> <span class='ocrx_word' id='word_1_321' title='bbox 1661 2785 1752 2826; x_wconf 83' lang='lat' dir='ltr'>sint</span> <span class='ocrx_word' id='word_1_322' title='bbox 1771 2784 1809 2826; x_wconf 90' lang='lat' dir='ltr'><em>C</em></span> 
     </span>
    </p>

    <p class='ocr_par' dir='ltr' id='par_1_10' title="bbox 172 2838 1806 2894">
     <span class='ocr_line' id='line_1_39' title="bbox 172 2838 1806 2894; baseline 0.002 -13"><span class='ocrx_word' id='word_1_323' title='bbox 172 2843 217 2881; x_wconf 87' lang='lat' dir='ltr'>et</span> <span class='ocrx_word' id='word_1_324' title='bbox 252 2838 460 2881; x_wconf 78' lang='lat' dir='ltr'>difficilia</span> <span class='ocrx_word' id='word_1_325' title='bbox 490 2853 580 2884; x_wconf 90' lang='lat' dir='ltr'>om.</span> <span class='ocrx_word' id='word_1_326' title='bbox 609 2842 646 2884; x_wconf 88' lang='grc' dir='ltr'><em>Β</em></span> <span class='ocrx_word' id='word_1_327' title='bbox 723 2843 1023 2894; x_wconf 87' lang='lat' dir='ltr'>pluribusque</span> <span class='ocrx_word' id='word_1_328' title='bbox 1054 2843 1088 2885; x_wconf 90' lang='lat' dir='ltr'><em>A</em></span> <span class='ocrx_word' id='word_1_329' title='bbox 1214 2843 1269 2886; x_wconf 90' lang='grc'>23</span> <span class='ocrx_word' id='word_1_330' title='bbox 1309 2844 1380 2887; x_wconf 88' lang='lat' dir='ltr'>De</span> <span class='ocrx_word' id='word_1_331' title='bbox 1414 2846 1569 2886; x_wconf 83' lang='lat' dir='ltr'>anima</span> <span class='ocrx_word' id='word_1_332' title='bbox 1600 2843 1740 2887; x_wconf 73' lang='lat' dir='ltr'>PC**</span> <span class='ocrx_word' id='word_1_333' title='bbox 1754 2849 1806 2886; x_wconf 81' lang='lat'>24</span> 
     </span>
    </p>

    <p class='ocr_par' dir='ltr' id='par_1_11' title="bbox 113 2898 1244 2950">
     <span class='ocr_line' id='line_1_40' title="bbox 113 2898 1244 2950; baseline 0.005 -11"><span class='ocrx_word' id='word_1_334' title='bbox 113 2899 210 2950; x_wconf 80' lang='lat' dir='ltr'>sere</span> <span class='ocrx_word' id='word_1_335' title='bbox 242 2898 332 2939; x_wconf 72' lang='lat' dir='ltr'>litt.</span> <span class='ocrx_word' id='word_1_336' title='bbox 365 2898 403 2940; x_wconf 89' lang='lat' dir='ltr'><strong><em>B</em></strong></span> <span class='ocrx_word' id='word_1_337' title='bbox 433 2911 522 2942; x_wconf 89' lang='lat' dir='ltr'>om.</span> <span class='ocrx_word' id='word_1_338' title='bbox 556 2902 602 2943; x_wconf 79' lang='lat' dir='ltr'>et</span> <span class='ocrx_word' id='word_1_339' title='bbox 632 2904 897 2945; x_wconf 81' lang='lat' dir='ltr'>orationem</span> <span class='ocrx_word' id='word_1_340' title='bbox 931 2904 1181 2945; x_wconf 76' lang='lat' dir='ltr'>continuat</span> <span class='ocrx_word' id='word_1_341' title='bbox 1210 2903 1244 2945; x_wconf 88' lang='lat' dir='ltr'><em>A</em></span> 
     </span>
    </p>
   </div>
   <div class='ocr_carea' id='block_1_9' title="bbox 1824 433 1880 473">
    <p class='ocr_par' dir='ltr' id='par_1_12' title="bbox 1824 433 1880 473">
     <span class='ocr_line' id='line_1_41' title="bbox 1824 433 1880 473; baseline -0.018 0"><span class='ocrx_word' id='word_1_342' title='bbox 1824 433 1880 473; x_wconf 88' lang='grc'>92</span> 
     </span>
    </p>
   </div>
   <div class='ocr_carea' id='block_1_10' title="bbox 1825 806 1882 847">
    <p class='ocr_par' dir='ltr' id='par_1_13' title="bbox 1825 806 1882 847">
     <span class='ocr_line' id='line_1_42' title="bbox 1825 806 1882 847; baseline 0 0"><span class='ocrx_word' id='word_1_343' title='bbox 1825 806 1882 847; x_wconf 90' lang='grc'>93</span> 
     </span>
    </p>
   </div>
   <div class='ocr_carea' id='block_1_11' title="bbox 1830 1478 1887 1520">
    <p class='ocr_par' dir='ltr' id='par_1_14' title="bbox 1830 1478 1887 1520">
     <span class='ocr_line' id='line_1_43' title="bbox 1830 1478 1887 1520; baseline -0.018 0"><span class='ocrx_word' id='word_1_344' title='bbox 1830 1478 1887 1520; x_wconf 85' lang='grc'>94</span> 
     </span>
    </p>
   </div>
   <div class='ocr_carea' id='block_1_12' title="bbox 1858 1975 1888 2023">
    <p class='ocr_par' dir='ltr' id='par_1_15' title="bbox 1858 1975 1888 2023">
     <span class='ocr_line' id='line_1_44' title="bbox 1858 1975 1888 2023; textangle 90"><span class='ocrx_word' id='word_1_345' title='bbox 1858 1975 1888 2023; x_wconf 70' lang='lat' dir='ltr'>b.)</span> 
     </span>
    </p>
   </div>
  </div>
 </body>
</html>
