1982 3172
235 111 268 158 6
602 102 858 148 NEMESII
891 102 1111 148 PREMN
1116 102 1207 149 ΟΝ
1243 102 1569 150 PHYSlCON

235 243 400 293 teles
434 247 616 293 autem
651 247 921 304 potestate
947 242 1170 304 quidem
1204 242 1537 293 intellectum
1563 244 1925 307 complasma-

234 322 349 366 tum
377 330 499 367 esse
525 317 733 367 homini
760 317 929 374 refert,
955 321 1078 366 actu
1103 330 1234 367 vero
1262 318 1592 367 extrinsecus
1617 318 1778 369 nobis
1796 324 1924 369 con-

234 392 440 453 tingere
475 391 669 453 probat
701 404 812 441 non
848 390 917 439 ad
952 391 1244 441 essentiam
1286 389 1523 441 hominis
1561 391 1923 454 supplentem,

234 465 332 515 sed
366 466 845 527 supervenientem
887 464 957 513 ad
999 464 1299 526 profectum
1340 467 1566 516 notitiae
1599 471 1651 516 et
1683 472 1923 517 contem-

236 538 491 601 plationis
524 538 866 588 naturalium.
909 537 1084 588 Valde
1112 540 1278 601 igitur
1309 552 1517 600 paucos
1550 540 1836 590 hominum
1869 545 1923 590 et
1966 553 1982 585 ε

233 613 384 663 solos
410 612 865 675 philosophantes
892 617 1014 662 actu
1039 612 1373 662 intellectum
1398 612 1600 664 habere
1626 614 1922 664 confirmat.

232 687 415 737 Plato
449 692 633 736 autem
668 687 842 749 inq'uit
875 686 1155 736 hominem
1187 700 1300 736 non
1327 700 1448 737 esse
1474 693 1777 750 utrumque,
1810 690 1923 738 ani-

234 775 378 810 mam
406 766 458 810 et
476 775 687 822 corpuS,
714 760 810 810 sed
831 761 1070 810 animam
1090 774 1316 823 corpore
1333 761 1425 810 tali
1445 766 1701 820 utentem,
1727 761 1921 813 melius

231 834 631 897 contemplatus
674 848 815 897 quae
858 839 982 884 sunt
1023 835 1162 884 circa
1202 835 1506 892 homin‘em;
1551 841 1603 886 et
1648 836 1775 886 inde
1802 850 1920 888 nos

231 909 496 959 convertit
537 908 605 957 ad
648 910 864 958 animae
898 908 1068 958 solius
1101 908 1441 959 divinitatem
1483 915 1534 959 et
1567 910 1821 968 studium,
1863 916 1920 960 ut
1946 920 1982 955 m

230 984 470 1032 animam
516 997 618 1033 nos
664 984 815 1044 ipsos
857 996 978 1033 esse
1024 983 1305 1033 credentes
1350 985 1566 1034 animae
1610 984 1757 1034 bona
1801 984 1920 1035 sola

230 1057 522 1119 diligamus
557 1062 721 1119 atque
756 1070 1063 1119 sequamur,
1093 1058 1318 1107 virtutes
1352 1057 1575 1119 quidem
1609 1063 1661 1108 et
1692 1059 1921 1108 beatitu-

230 1131 429 1188 dinem,
458 1136 509 1180 et
534 1145 645 1180 non
674 1132 913 1192 corporis
939 1131 1209 1181 desideria
1234 1145 1482 1182 amemus
1508 1137 1788 1194 tamquam
1807 1146 1918 1183 non

210 1200 212 1205 ’
229 1206 515 1255 existentia
535 1205 789 1262 hominiS,
809 1205 906 1255 sed
927 1205 1177 1255 animalis
1194 1206 1416 1267 quidem
1433 1207 1809 1268 principaliter,
1822 1206 1919 1257 ho-

230 1280 388 1328 minis
418 1293 548 1329 vero
581 1284 993 1341 consequenter,
1022 1281 1284 1342 quoniam
1315 1285 1367 1330 et
1393 1279 1595 1329 animal
1627 1285 1708 1330 est
1732 1279 1917 1331 homo,
1943 1290 1982 1323 ¹5

229 1351 338 1403 Sed
383 1358 435 1403 et
476 1353 627 1403 aliter
669 1353 974 1416 digniorem
1012 1367 1237 1415 corpore
1274 1355 1514 1403 animam
1553 1368 1674 1404 esse
1711 1355 1917 1404 cunctis

229 1426 545 1477 hominibus
587 1427 934 1476 manifestum
977 1432 1070 1477 est.
1118 1426 1204 1477 Ab
1246 1427 1348 1477 hac
1389 1441 1629 1490 namque
1671 1434 1919 1478 movetur

229 1514 425 1563 corpus
468 1506 526 1550 ut
566 1502 998 1559 instrumentum,
1043 1501 1193 1563 quod
1239 1515 1384 1551 mors
1425 1501 1774 1552 demonstrat.
1823 1501 1918 1552 Se-

229 1579 416 1636 parata
441 1589 681 1637 namque
707 1576 890 1624 anima
915 1574 1197 1625 immobile
1214 1580 1456 1625 remanet
1475 1589 1672 1638 corpus
1691 1577 1921 1627 omnino.

228 1654 280 1698 et
314 1649 524 1711 absque
552 1663 731 1710 opere,
767 1654 822 1697 ut
860 1654 1073 1698 semoto
1112 1649 1314 1698 artifice
1350 1648 1655 1699 immobilia
1693 1655 1916 1700 manent
1939 1658 1982 1692 Β

228 1723 596 1772 instrumenta.
709 1722 1057 1772 Manifestum
1100 1728 1297 1781 autem,
1340 1723 1469 1785 quia
1510 1728 1562 1772 et
1605 1723 1915 1774 inanimatis

227 1798 595 1847 communicat
622 1802 672 1845 et
698 1796 1143 1847 irrationabilium
1170 1796 1487 1846 animalium
1507 1799 1790 1859 participat
1804 1798 1917 1848 vita

227 1875 280 1920 et
319 1870 723 1921 rationabilium
767 1871 1051 1933 participat
1089 1872 1294 1921 notitia.
1346 1869 1725 1936 Communicat
1765 1885 1916 1921 nam-

227 1958 334 2006 que
360 1946 670 1994 inanimatis
706 1959 799 2007 per
825 1958 1020 2007 corpus
1047 1950 1098 1995 et
1125 1959 1219 2007 per
1244 1949 1498 2007 quattuor
1521 1944 1915 1996 elementorum

227 2020 655 2080 temperantiam.
689 2019 892 2068 Plantis
909 2033 1040 2068 vero
1067 2024 1118 2069 et
1145 2033 1239 2081 per
1263 2019 1400 2070 haec
1418 2024 1470 2069 et
1495 2033 1590 2082 per
1606 2019 1913 2070 nutribilem
1938 2027 1982 2061 ὃ

299 2150 323 2188 2
358 2154 468 2190 extr.
502 2152 610 2190 nob.
637 2153 819 2200 transp.
845 2151 882 2190 Β
1002 2151 1028 2191 3
1061 2152 1119 2191 ad
1144 2162 1234 2191 om.
1259 2151 1312 2195 Β,
1388 2154 1557 2192 essent.
1576 2151 1705 2192 hom.
1730 2152 1913 2200 transp.

226 2208 265 2250 C
364 2211 478 2259 post
516 2210 764 2249 essentiam
809 2212 983 2250 desunt
1021 2213 1066 2250 et
1106 2211 1393 2250 existentiam
1437 2206 1534 2262 (καὶ
1570 2205 1659 2258 τὴν
1699 2203 1914 2258 ὕπαρξιν)

297 2269 604 2317 supplendam
630 2268 663 2308 A
788 2269 814 2308 5
841 2270 976 2318 igitur
999 2269 1044 2309 M
1077 2280 1187 2319 ergo
1212 2269 1250 2310 Β
1339 2269 1552 2310 homines
1574 2268 1616 2308 D
1737 2266 1765 2307 8
1788 2278 1914 2317 corp.

223 2327 302 2367 tali
335 2329 518 2378 transp.
550 2328 588 2367 B
716 2327 743 2366 9
775 2329 1112 2377 contemplatus
1146 2329 1308 2369 melius
1340 2338 1497 2370 eorum
1528 2337 1648 2376 quae
1679 2327 1798 2370 circa
1830 2327 1912 2368 ho·-

225 2387 395 2426 minem
433 2390 539 2426 sunt
570 2387 621 2434 A,
663 2387 718 2436 cf.
754 2397 811 2427 ea
850 2397 971 2436 quae
1002 2388 1071 2437 39
1203 2387 1254 2427 11
1289 2397 1393 2429 esse
1434 2387 1554 2427 cred.
1587 2388 1769 2436 tranen.
1801 2385 1835 2426 A

225 2446 351 2485 bona
373 2446 475 2486 sola
500 2448 683 2496 transf).
708 2445 742 2486 A
758 2445 796 2486 C
915 2446 968 2486 12
993 2449 1107 2496 post
1131 2447 1256 2496 dilig.
1282 2448 1393 2487 add.
1419 2446 1542 2486 dona
1568 2444 1607 2486 C
1726 2443 1779 2486 13
1800 2447 1914 2495 post

224 2507 456 2553 tamquam
490 2506 601 2545 add.
632 2506 690 2546 de
722 2505 760 2545 Β
891 2505 944 2545 14
974 2508 1088 2556 post
1118 2499 1265 2546 hom.¹
1297 2507 1428 2546 deest
1451 2505 1780 2554 interpretatio
1811 2514 1914 2546 ver-

226 2564 390 2603 borum
429 2560 457 2614 ᾗ
492 2560 740 2612 ἄνθρωπος
872 2564 926 2605 17
958 2565 1223 2605 hominibus
1264 2575 1354 2605 om.
1385 2563 1419 2603 A
1514 2566 1583 2604 est
1614 2558 1683 2612 (ὅ)
1724 2575 1779 2604 ex
1809 2573 1913 2604 esse

225 2613 330 2670 (δικ)
358 2624 411 2662 ut
434 2623 526 2663 vid.
552 2624 591 2663 Ρ
706 2622 759 2663 18
785 2626 834 2663 ut
859 2623 1207 2664 instrumentum
1233 2623 1279 2663 Μ
1297 2622 1592 2663 instrumenti
1613 2623 1652 2662 Β
1767 2621 1820 2662 19
1843 2631 1911 2664 re-

227 2683 380 2719 manet
411 2681 547 2722 PCB
579 2685 732 2722 manet
762 2682 797 2723 A
920 2683 979 2723 20
1009 2686 1054 2723 et
1086 2693 1176 2723 om.
1200 2681 1241 2724 B
1330 2684 1516 2722 manent
1543 2681 1582 2721 Ρ
1611 2683 1848 2722 remanent
1869 2681 1912 2721 D

299 2738 351 2782 21
385 2742 499 2789 post
527 2740 821 2782 Manifestum
854 2743 966 2782 add.
995 2745 1065 2782 est
1091 2740 1196 2788 CB,
1236 2742 1356 2782 idem
1389 2745 1452 2790 15,
1472 2744 1546 2788 11,·
1580 2744 1643 2789 18,
1658 2745 1711 2789 2,·
1739 2743 1847 2789 28,3

225 2797 283 2838 23
325 2799 565 2847 participat
603 2800 766 2840 notitia
795 2800 830 2840 A
873 2795 1141 2850 (μετείληφε
1171 2795 1396 2848 νοήεεωε,
1439 2800 1495 2849 cf.
1525 2803 1588 2847 62,
1607 2804 1683 2848 15,·
1714 2810 1778 2840 an
1811 2808 1910 2848 per-

224 2856 342 2904 cipit
366 2857 610 2897 notitiam?
640 2859 697 2908 cf.
722 2863 787 2907 23,
803 2853 848 2911 9)
881 2860 1057 2900 notitia.
1075 2859 1381 2899 communicat
1404 2857 1532 2899 PCB
1651 2857 1708 2898 25
1740 2855 1913 2899 Plantis

223 2911 352 2963 vero]
387 2914 478 2955 Sed
513 2917 678 2964 plantis
704 2917 736 2956 A
831 2918 948 2965 haec
971 2918 1018 2958 M
1050 2918 1140 2958 hoc
1163 2918 1201 2958 Β
1285 2917 1498 2957 nutribile
1522 2917 1558 2956 Β
