1982 3172
143 1214 195 1254 10

145 1660 191 1700 11

144 1958 196 1998 12

145 2181 197 2221 13

227 107 327 157 142
589 100 846 146 NEMESII
880 100 1194 147 PREMNON
1227 100 1551 148 PHYSICON

224 243 407 287 autem
430 251 462 286 a
487 251 630 287 vena
656 237 878 295 feratur,
907 243 1058 299 patet
1083 251 1151 287 ex
1177 238 1465 289 adulterio,
1499 238 1735 296 Quando
1757 241 1902 291 enim

223 311 453 361 nimium
496 312 723 362 coierint
767 311 1226 374 confuderintque
1269 312 1588 364 seminalem
1630 327 1695 365 ac
1736 313 1904 365 turbi-

226 385 356 434 dum
394 385 698 443 humorem,
742 391 869 436 tunc
907 400 940 435 a
980 385 1224 437 violento
1267 401 1538 438 concussu
1578 389 1902 452 sanguinem

225 474 425 522 purum
448 465 692 522 egerunt.

313 533 573 584 Mulieres
601 548 819 596 quoque
851 536 1037 584 omnia
1065 535 1275 593 eadem,
1309 550 1448 597 quae
1478 542 1532 586 et
1559 537 1678 594 viri,
1702 537 1905 588 habent
1953 554 1975 588 5

225 607 486 666 membra,
519 608 617 659 sed
654 609 802 659 intus
836 615 890 659 et
923 622 1035 659 non
1071 609 1294 660 deforis.
1338 609 1775 662 Aristoteles
1805 612 1905 663 ita-

227 696 331 744 que
356 688 408 732 et
439 681 646 732 Demo
664 684 885 734 critus
911 683 1047 732 nihil
1075 683 1271 734 volunt
1302 684 1550 735 conterre
1579 698 1764 736 semen
1788 699 1905 736 mu-

226 756 374 806 lieris
411 756 483 806 ad
524 758 936 819 generationem
976 757 1236 808 filiorum.
1288 758 1429 808 Nam
1470 759 1619 822 quod
1658 759 1907 822 procedit

226 845 257 880 a
276 831 599 882 mulieribus
622 834 800 895 magis
826 833 1249 884 desudationem
1273 834 1518 892 membri,
1544 849 1707 897 quam
1723 849 1907 886 semen

227 919 348 955 esse
375 905 586 956 volunt.
631 905 740 956 Sed
772 905 1082 956 Galenus
1116 907 1523 969 reprehendens
1553 907 1907 960 Aristote-
1937 924 1979 958 10

228 979 355 1029 lem
395 979 524 1030 dicit
565 979 823 1031 mulieres
863 981 1085 1043 quidem
1126 995 1312 1031 semen
1352 981 1644 1033 effundere
1681 987 1736 1033 et
1770 983 1907 1032 mix-

228 1060 406 1104 turam
434 1061 791 1117 utrorumque
824 1056 1094 1106 seminum
1126 1062 1451 1118 conceptum
1480 1055 1707 1107 efficere
1739 1053 1908 1120 (unde

228 1134 281 1179 et
315 1129 518 1180 coitum
558 1129 1005 1180 commixtionem
1043 1127 1197 1192 dici);
1234 1143 1345 1180 non
1382 1136 1566 1181 autem
1603 1129 1907 1192 perfectum

230 1216 416 1253 semen
452 1216 589 1261 esse,
628 1209 688 1253 ut
722 1203 896 1261 virile,
936 1203 1033 1254 sed
1074 1203 1312 1253 calidum
1348 1210 1403 1255 et
1434 1203 1732 1255 humidius.
1776 1203 1908 1256 Tale

229 1283 413 1328 autem
443 1278 687 1328 existens
722 1277 968 1328 mulieris
1003 1291 1190 1328 semen
1225 1277 1291 1328 tit
1323 1279 1716 1329 nutrimentum
1748 1278 1908 1329 virili.
1937 1294 1980 1329 15

230 1351 308 1400 Ex
347 1351 544 1402 eodem
587 1353 752 1402 etiam
794 1366 923 1415 pars
966 1352 1239 1415 quaedam
1282 1353 1703 1416 compaginatur
1740 1366 1908 1404 mem-

232 1427 401 1484 brani‚
435 1426 584 1488 quod
620 1439 816 1489 graece
852 1426 1050 1477 dicitur
1085 1426 1326 1485 chorion,
1363 1427 1503 1477 circa
1537 1427 1908 1478 extremitates

230 1501 471 1551 matricis
501 1507 555 1551 et
588 1500 1011 1564 receptaculum,
1046 1500 1195 1563 quod
1230 1500 1427 1551 dicitur
1459 1500 1770 1552 alantoides
1801 1501 1834 1551 i.
1863 1515 1909 1551 e.

230 1574 302 1624 ad
335 1574 750 1626 similitudinem
786 1575 969 1633 mariS‚
1005 1575 1153 1637 quod
1190 1576 1374 1626 existit
1409 1575 1478 1626 de
1512 1574 1908 1637 superfluitati-

230 1650 332 1699 bus
374 1649 582 1700 embrii.
637 1649 739 1699 Per
782 1649 1217 1712 unumquodque
1258 1662 1390 1699 vero
1434 1662 1610 1712 genus
1653 1648 1906 1700 animalis
1934 1664 1979 1699 20

230 1731 358 1774 tunc
397 1723 609 1775 accedit
651 1723 857 1774 femina
896 1722 969 1773 ad
1010 1723 1332 1781 masculum,
1376 1737 1498 1773 cum
1540 1724 1742 1786 poterit
1781 1736 1907 1774 con-

231 1799 425 1860 cipere.
463 1797 618 1854 Quae
650 1797 815 1860 igitur
846 1811 1063 1859 semper
1095 1804 1329 1859 possunt
1361 1798 1661 1860 concipere,
1692 1810 1908 1860 semper

229 1872 498 1923 accedunt
539 1872 611 1923 ad
657 1873 877 1930 coitum,
920 1877 981 1922 ut
1024 1871 1162 1934 pulli
1205 1877 1259 1922 et
1303 1871 1590 1922 columbae
1630 1877 1685 1922 et
1722 1871 1905 1922 homo.

230 1946 338 1996 Sed
371 1940 481 1997 alia
516 1946 754 2009 quidem,
790 1951 1085 2009 postquam
1123 1947 1484 2007 conceperint,
1521 1946 1723 1996 coitum
1758 1959 1908 2008 sper-

228 2026 379 2078 nunt,
402 2020 599 2071 mulier
627 2026 810 2071 autem
841 2034 1055 2083 semper
1086 2021 1333 2071 sustinet.
1372 2019 1514 2069 Pulli
1540 2033 1673 2070 vero
1696 2033 1765 2070 ex
1786 2019 1905 2078 hoe,
1934 2034 1978 2069 25

231 2095 378 2157 quod
420 2109 516 2157 per
559 2094 809 2158 singulos
851 2095 969 2145 dies
1009 2101 1289 2158 generant,
1331 2108 1427 2156 per
1468 2094 1718 2158 singulos
1756 2107 1906 2144 acce-

231 2169 367 2220 dunt
389 2170 460 2219 ad
490 2170 708 2220 coitum.
747 2168 1007 2219 Mulieres
1035 2174 1235 2227 autem,
1263 2174 1324 2219 ut
1348 2169 1404 2218 in
1427 2168 1652 2230 reliquis
1675 2167 1905 2218 liberum

228 2244 432 2294 habent
457 2243 757 2302 arbitrium,
788 2244 867 2293 sic
893 2248 946 2293 et
975 2243 1030 2293 in
1061 2243 1207 2294 coitu
1236 2247 1364 2306 post
1389 2247 1727 2304 conceptum.
1763 2241 1905 2292 Nam

233 2347 288 2354 .-

308 2396 326 2434 1
364 2396 497 2435 fertur
530 2396 562 2436 A
719 2395 743 2434 2
778 2392 983 2442 coierint]
1020 2395 1241 2434 coluerint
1271 2394 1305 2434 A
1414 2393 1749 2440 effuderintque
1779 2391 1852 2431 Ηο

230 2452 300 2502 ac]
335 2458 380 2494 et
410 2454 445 2495 A
651 2454 676 2494 3
709 2464 933 2500 concursu
965 2454 999 2494 A
1197 2453 1222 2492 4
1255 2449 1461 2502 egerunt]
1495 2451 1704 2493 emittunt
1733 2450 1769 2491 A
1802 2446 1911 2499 (39)

290 2513 404 2553 5—6
437 2514 599 2554 eadem
634 2524 753 2563 quae
786 2516 831 2553 et
863 2509 1141 2561 (eademque
1165 2515 1211 2553 et
1236 2511 1273 2553 C
1303 2511 1464 2552 eadem
1490 2521 1610 2560 quae
1633 2506 1688 2559 B)
1720 2509 1802 2549 viri
1832 2509 1910 2548 ha-

232 2574 341 2613 bent
373 2573 576 2613 membra
599 2571 728 2614 PCB
760 2573 962 2613 membra
993 2573 1250 2621 eademque
1282 2571 1454 2611 habent
1485 2579 1604 2619 quae
1635 2572 1681 2610 et
1710 2569 1794 2608 viri
1816 2568 1852 2609 A

230 2631 257 2670 6
289 2632 443 2681 itaque
476 2631 522 2672 M
554 2635 705 2672 autem
737 2632 775 2672 Β
912 2631 966 2671 10
1000 2630 1220 2672 Galienus
1250 2630 1290 2671 P
1333 2629 1386 2670 G.
1417 2629 1459 2669 D
1589 2627 1637 2668 11
1675 2627 1780 2668 mul.
1813 2627 1911 2676 qui-

231 2691 334 2731 dem
369 2694 550 2741 transp.
582 2691 617 2732 A
740 2691 931 2730 mixtura
962 2689 1047 2732 AC
1077 2690 1217 2730 mixta
1245 2689 1284 2730 Β
1449 2687 1502 2728 12
1534 2690 1787 2736 conceptus
1817 2685 1852 2727 A

233 2749 286 2789 13
319 2753 364 2789 et
397 2762 484 2790 om.
517 2750 550 2790 A
616 2751 725 2790 dicit
754 2750 838 2791 AB
943 2749 996 2789 15
1028 2750 1231 2790 existens
1263 2760 1351 2788 om.
1382 2747 1420 2788 Β
1478 2747 1606 2787 virile
1636 2746 1672 2787 A
1767 2744 1822 2786 19
1851 2745 1910 2784 si-

232 2806 509 2849 militudines
541 2810 581 2849 P
641 2810 698 2849 de
730 2810 803 2850 PA
837 2819 894 2850 ex
928 2808 1001 2850 CB
1103 2808 1158 2848 20
1191 2803 1366 2855 embrii]
1401 2806 1589 2846 membri
1623 2804 1660 2846 C
1758 2803 1811 2844 21
1846 2803 1911 2844 ie·-

232 2868 338 2907 min’
374 2867 410 2908 C
500 2867 555 2907 24
589 2869 852 2916 conceperit
883 2869 918 2909 A
1012 2867 1068 2907 26
1101 2878 1180 2916 per
1211 2865 1418 2915 singulos
1449 2865 1549 2906 dies
1581 2864 1627 2905 M
1658 2863 1846 2905 cottidie
1875 2862 1913 2903 Β

287 2930 398 2978 post
430 2928 546 2976 sing.
581 2929 691 2967 add.
726 2927 823 2966 dies
857 2927 904 2969 Β,
1044 2926 1097 2966 27
1132 2926 1315 2975 reliquis
1347 2924 1426 2965 PA
1461 2924 1622 2965 ceteris
1656 2922 1736 2965 CB
