1982 3172
242 117 314 167 80
611 110 867 158 NEMESII
901 111 1216 159 PREMNON
1250 112 1574 161 PHYSICON

249 261 358 297 non
395 249 503 297 iam
543 250 697 298 visus
735 248 841 299 hoc
878 250 1302 312 apprehendens
1340 252 1495 310 vidit,
1535 252 1684 315 quod
1721 253 1926 304 malum

249 327 411 380 esset,
442 321 541 372 sed
575 323 761 372 anima
792 324 1115 374 memoriam
1150 337 1378 375 servans
1412 325 1601 376 odoris
1632 332 1687 378 et
1715 333 1929 391 gustuS,

250 395 413 446 simul
442 402 504 447 ut
536 396 691 454 vidit,
726 399 987 460 cognovit
1021 404 1074 448 et
1106 398 1244 449 haec
1276 414 1398 449 cum
1430 399 1614 463 figura
1641 406 1696 452 et
1730 401 1927 452 colore.

250 469 488 525 Quando
528 471 697 533 igitur
738 471 925 522 album
966 472 1173 522 malum
1216 479 1476 535 putamus
1517 488 1640 525 esse
1681 475 1929 534 rubeum,

249 557 359 594 non
389 550 472 594 est
503 546 674 602 viSUS,
710 546 801 608 qui
835 552 994 603 errat,
1028 546 1126 596 sed
1157 548 1332 598 virtus
1363 547 1718 599 dinoscibiliS.
1763 548 1928 599 Visus
1979 572 1982 598 ε

247 619 470 668 enimin
498 621 738 682 propriis
769 621 1122 671 sensibilibus
1151 637 1259 672 non
1276 624 1501 681 erravit:
1527 624 1766 675 colorem
1778 639 1932 676 nam·

93 737 98 740 ,
164 705 217 744 24
252 699 423 755 queet
449 692 690 755 figuram
721 695 980 757 percepit.
1055 694 1188 745 Tres
1220 697 1386 758 igitur
1416 710 1693 755 sensuum,
1719 697 1826 748 hoc
1848 704 1931 749 est

251 769 406 818 visus
436 774 490 819 et
524 768 750 820 auditus
782 776 838 821 et
873 769 1140 821 odoratus
1175 772 1449 821 exteriora
1479 785 1582 822 nec
1610 773 1776 823 etiam
1807 786 1932 836 pro-

253 844 578 905 pinquantia
621 844 1097 906 comprehendunt
1141 858 1239 908 per
1281 846 1525 896 medium
1569 859 1767 897 aerem.
1823 846 1931 898 Sed

252 923 450 978 gustus
472 931 584 967 non
613 917 771 969 aliter
798 920 978 977 sentit,
1006 920 1112 969 nisi
1141 919 1476 982 adiungatur
1504 920 1766 971 sensibili.
1800 919 1933 971 Tac·
1962 937 1978 972 1

253 998 342 1041 tus
365 998 550 1042 autem
579 993 694 1055 agit
720 998 1029 1056 utrumque.
1069 992 1282 1044 Etenim
1312 995 1476 1045 sentit
1501 994 1795 1046 adiunctus
1819 1008 1934 1046 cor-

167 1077 221 1116 25
255 1065 483 1128 poribus
507 1072 561 1116 et
592 1066 927 1130 quandoque
957 1081 1054 1130 per
1084 1068 1327 1118 medium
1359 1068 1578 1119 fustem.
1615 1068 1934 1132 Aliquando

254 1140 421 1202 igitur
444 1141 601 1191 visus
632 1141 844 1204 indiget
872 1142 1189 1193 testimonio
1220 1141 1455 1192 aliorum
1487 1156 1766 1202 sensuum,
1797 1157 1935 1198 cum.

256 1214 405 1276 quod
445 1221 692 1278 apparet,
734 1215 903 1266 fuerit
941 1215 1428 1268 artificio-iactum
1470 1217 1541 1267 ad
1582 1230 1838 1276 errorem,
1876 1224 1935 1268 ut

257 1291 309 1338 in
342 1289 640 1352 sculptura.
687 1289 1014 1353 Sculpturae
1047 1304 1285 1354 namque
1321 1304 1463 1353 opus
1499 1291 1722 1342 deviare
1754 1293 1935 1343 visum
1963 1308 1980 1342 1

258 1365 639 1425 prominentiis
682 1378 794 1414 non
841 1365 1204 1416 existentibus
1246 1371 1302 1416 et
1347 1365 1837 1416 concavationibus
1881 1367 1936 1416 in

258 1451 314 1487 re
341 1438 507 1488 habet
538 1445 809 1498 naturam,
841 1438 936 1489 ubi
969 1453 1112 1501 opus
1145 1445 1229 1490 est
1259 1439 1331 1489 ad
1362 1439 1760 1491 dinoscentiam
1788 1445 1936 1491 tactu

258 1512 480 1574 quidem
521 1514 776 1572 maxime,
819 1513 1121 1576 aliquando
1163 1514 1329 1564 etiam
1369 1520 1426 1564 et
1465 1520 1633 1577 gustu
1672 1514 1762 1565 vel
1802 1514 1937 1565 odo·

171 1598 226 1638 26
258 1593 381 1638 ratu
413 1592 474 1637 ut
510 1587 565 1636 in
601 1587 728 1638 albo
765 1588 939 1645 malo;
974 1587 1275 1651 aliquando
1311 1595 1495 1639 autem
1529 1601 1627 1651 per
1658 1601 1717 1639 se
1753 1589 1936 1651 ipsum

259 1674 497 1724 operans
523 1667 669 1712 errat
699 1663 770 1712 ab
800 1662 1212 1725 apparentibus,
1246 1662 1469 1724 quando
1500 1676 1534 1712 a
1563 1662 1729 1725 longe
1756 1663 1938 1725 inspe-
1963 1678 1982 1713 2

259 1737 413 1786 xerit.
447 1735 675 1787 Turrem
704 1737 872 1799 igitur
899 1736 1339 1799 quadrangulam
1368 1737 1663 1787 rotundam
1689 1736 1844 1787 videt
1870 1736 1939 1787 de

259 1810 440 1873 longe.
471 1809 755 1873 Decipitur
778 1818 964 1862 autem
986 1812 1169 1868 etiam,
1195 1824 1318 1860 cum
1341 1810 1542 1861 viderit
1566 1824 1662 1872 per
1679 1809 1938 1861 nebulam

261 1886 377 1935 sive
398 1885 614 1934 fumum
641 1891 737 1936 aut
761 1884 973 1948 aliquid
1000 1885 1260 1935 similium
1287 1886 1469 1935 visum
1497 1884 1938 1936 disturbantium.

174 1970 227 2009 27
261 1958 522 2010 Similiter
543 1973 780 2022 quoque,
808 1973 930 2009 cum
957 1973 1054 2022 per
1081 1973 1281 2021 aquam
1310 1972 1368 2009 se
1393 1964 1707 2010 moventem
1729 1958 1939 2022 aliquid

263 2033 487 2091 viderit;
522 2035 725 2085 etenim
764 2035 819 2083 in
855 2035 993 2083 mari
1032 2048 1241 2084 remum
1281 2040 1563 2095 tamquam
1601 2032 1982 2084 confractum2

176 2119 231 2158 28
265 2108 431 2159 videt.
474 2107 735 2159 Similiter
767 2114 953 2159 autem
984 2114 1054 2166 et,
1090 2121 1214 2158 cum
1249 2122 1345 2170 per
1378 2108 1619 2170 aliquam
1652 2106 1943 2170 splenden-

267 2189 376 2233 tem
408 2183 695 2233 materiam
733 2184 1048 2245 inspexerit,
1085 2188 1144 2233 ut
1180 2195 1278 2244 per
1314 2181 1623 2244 specularia
1654 2186 1710 2232 et
1739 2182 1942 2232 vitrum

266 2263 320 2308 et
346 2256 456 2307 alia
485 2256 821 2307 huiusmodi.
863 2256 952 2307 Sic
984 2270 1218 2319 quoque,
1252 2270 1375 2307 cum
1403 2255 1666 2307 velociter
1691 2260 1944 2306 movetur

179 2341 235 2381 29
267 2331 498 2382 visibile.
546 2330 851 2382 Conturbat
887 2332 1034 2381 enim
1071 2332 1253 2381 visum
1293 2331 1490 2381 citatus
1526 2334 1726 2387 motuS,
1763 2334 1824 2380 ut
1859 2342 1944 2379 ro-

340 2469 360 2508 1
396 2469 744 2517 apprehendere
775 2468 813 2508 Β
933 2468 960 2507 3
992 2468 1127 2508 simul
1157 2479 1247 2508 om.
1272 2467 1307 2508 A
1370 2467 1558 2515 agnovit
1587 2465 1625 2506 Β
1686 2465 1776 2505 hoc
1805 2464 1890 2505 AB

263 2527 289 2566 4
322 2524 529 2576 rubeum]
562 2538 718 2568 verum
749 2527 822 2567 Ho
1033 2527 1065 2566 5⁴
1091 2520 1256 2575 visus²l
1290 2536 1399 2565 usus
1430 2525 1469 2565 Β
1669 2524 1697 2563 6
1727 2519 1944 2572 namque]

263 2588 386 2626 enim
410 2586 448 2627 B
569 2586 593 2626 7
627 2587 716 2627 hoc
741 2583 826 2634 est]
860 2586 908 2626 id
932 2589 1002 2626 est
1024 2586 1059 2626 A
1182 2585 1209 2625 8
1241 2579 1310 2626 et1
1332 2596 1421 2624 om.
1446 2583 1529 2624 AB
1589 2580 1692 2632 nec]
1717 2592 1826 2624 vero
1849 2581 1888 2623 Β

267 2644 320 2684 10
352 2646 564 2696 iungatur
585 2646 623 2686 B
746 2645 795 2686 11
833 2645 979 2686 Sentit
1010 2646 1132 2686 enim
1165 2645 1405 2684 adlunctus
1428 2643 1463 2683 A
1497 2644 1635 2683 sentit
1665 2642 1835 2683 etenim
1865 2641 1945 2681 ad-

265 2705 429 2744 iunctis
448 2705 486 2745 Β
586 2705 639 2744 17
672 2708 775 2745 actu
793 2705 830 2745 Β
932 2703 1104 2745 18-19
1129 2704 1266 2744 etiam
1283 2733 1294 2744 .
1312 2732 1324 2744 .
1342 2733 1353 2743 .
1372 2702 1621 2751 aliquando
1638 2704 1790 2742 autem
1804 2711 1894 2741 om.
1910 2699 1948 2740 Β

327 2763 380 2804 19
411 2758 597 2817 ipsumss
620 2760 851 2812 (ul=vel
883 2761 1026 2813 eras.)
1049 2763 1089 2803 P
1207 2761 1264 2802 20
1295 2772 1323 2802 a
1353 2773 1443 2802 om.
1463 2761 1501 2802 Β
1569 2761 1867 2810 inspexerunt
1887 2752 1948 2800 1³¹

265 2833 383 2863 corr.
415 2816 476 2862 1²⁸
611 2822 667 2863 22
699 2827 851 2864 autem
884 2834 973 2863 om.
1006 2823 1040 2863 A
1178 2821 1235 2862 23
1267 2820 1416 2862 simile
1446 2820 1485 2861 Β
1603 2818 1660 2860 25
1691 2818 1879 2882 iractpm
1910 2817 1945 2858 A

324 2881 380 2921 26
412 2885 458 2923 et
486 2893 577 2923 om.
608 2883 660 2931 B,
692 2883 775 2923 sed
806 2883 864 2933 cf.
897 2878 947 2921 δὲ
979 2878 1052 2920 καὶ
1084 2880 1126 2921 Α
1148 2881 1253 2922 Mel.
1491 2878 1548 2920 27
1579 2879 1823 2928 inspexert
1850 2876 1893 2918 P

266 2940 321 2980 28
355 2940 443 2980 alia
475 2940 738 2981 huiusmodi
771 2943 952 2991 transp.
986 2941 1024 2980 Β
1144 2939 1201 2979 29
1233 2937 1466 2979 Contrahit
1497 2938 1535 2978 Β
1595 2939 1877 2978 citatusom.
1910 2934 1945 2975 A
