1982 3172
111 86 196 134 ΑΒ
231 83 495 132 ALFANO
529 83 595 130 IN
628 82 920 129 LATINUM
953 78 1393 126 TRANSLATUM
1429 78 1566 124 CAP.
1594 78 1631 122 ll
1683 85 1750 134 25

63 226 116 276 in
152 236 381 287 corpore
419 220 724 273 calidorum
760 224 815 272 et
850 218 1181 283 frigidorum
1218 222 1272 269 et
1307 216 1662 268 humidorum
1694 221 1747 267 et

63 299 330 351 siccorum
357 295 688 348 concordem
717 294 1054 358 temperiem.
1093 291 1390 344 Sciendum
1417 304 1568 349 vern,
1597 290 1742 354 quod
1815 301 1839 340 5

61 378 115 425 et
144 371 341 423 horum
380 370 472 421 alii
510 370 750 420 animam
789 367 1157 419 substantiam
1195 379 1318 417 esse
1356 365 1559 422 dicunt,
1592 363 1745 414 Ari-

61 446 363 500 stoteles
401 459 535 497 vero
575 450 630 496 et
669 443 1066 495 Dinarchus
1104 456 1216 493 non
1258 441 1625 493 substantiam
1666 439 1746 490 di-

16 527 189 574 scunt
226 535 365 572 esse.
417 520 549 572 Item
590 519 683 571 alii
724 518 947 583 quidem
989 518 1178 569 dicunt
1217 530 1383 567 unam
1419 522 1473 567 et
1509 515 1743 566 eandem
1815 525 1840 564 6

60 596 305 648 omnium
345 596 586 647 animam
626 607 750 646 esse
789 593 1027 645 divisam
1067 606 1164 655 per
1203 590 1424 655 singula
1461 596 1515 642 et
1547 590 1743 642 iterum

60 672 114 722 in
159 684 217 722 se
265 670 444 734 ipsam
491 668 829 725 redeuntem,
876 667 1030 718 velut
1077 664 1472 716 Manichaei
1520 669 1573 715 et
1629 664 1745 727 qui-

60 746 189 797 dam
243 745 352 803 alii,
406 744 499 795 alii
552 757 686 796 vero
739 742 944 795 multas
983 748 1037 793 et
1076 740 1404 793 differentes
1440 740 1744 791 secundum

61 821 315 884 speciem,
347 819 440 870 alii
473 833 607 870 vero
638 832 807 868 unam
841 823 895 868 et
927 816 1148 868 multas,
1192 815 1394 867 Omnia
1421 829 1555 866 vero
1590 815 1635 865 si
1665 814 1746 864 di·
1815 825 1838 864 7

0 907 39 942 1ο
61 901 252 947 cantur
282 895 368 945 his
401 892 693 945 obicienda
725 892 1027 949 sententiis,
1059 905 1286 942 necesse
1318 896 1402 941 est
1435 903 1745 940 sermonem

61 969 379 1033 producere.
482 967 591 1019 Sed
633 967 997 1018 communiter
1039 971 1230 1018 contra
1270 979 1463 1016 omnes
1503 964 1744 1015 animam
1815 967 1841 1008 8

59 1057 259 1108 corpus
297 1057 421 1095 esse
462 1042 707 1094 dicentes
747 1041 1050 1099 sufficiant,
1090 1054 1232 1105 quae
1271 1040 1343 1091 ab
1380 1039 1746 1091 Ammonio

30 1118 324 1182 :magistro
361 1117 628 1169 Plotini
663 1123 717 1169 et
752 1116 1064 1167 Numinii
1101 1115 1563 1180 Pythagorici
1600 1114 1745 1166 dicta

60 1198 202 1244 sunt.
245 1191 384 1243 Sunt
419 1197 603 1243 autem
638 1191 798 1242 haec:
835 1187 1101 1254 ‘Corpora
1137 1189 1363 1252 propria
1397 1194 1596 1239 natura
1627 1202 1746 1238 mu·
1815 1194 1874 1233 9.

0 1278 37 1313 *⁵
59 1267 250 1319 tabilia
277 1273 331 1318 et
360 1266 742 1318 convertibilia
771 1280 894 1317 esse
923 1271 977 1317 et
1007 1264 1310 1316 divisibilia
1336 1270 1392 1316 et
1417 1265 1644 1315 omnino
1672 1263 1742 1314 ad

61 1343 312 1406 ignotum
369 1341 726 1398 exsecabilia;
783 1340 1049 1404 nulloque
1092 1340 1147 1391 in
1191 1340 1329 1403 ipsis
1371 1338 1746 1390 indissolubili

61 1422 430 1480 permanente,
489 1416 740 1480 indigent
798 1415 986 1479 aliquo
1031 1419 1398 1478 componente
1442 1419 1496 1465 et
1540 1413 1747 1465 condu-

60 1496 214 1543 cente
250 1496 304 1544 et
340 1490 493 1543 velut
530 1491 941 1554 constringente
979 1496 1032 1541 et
1070 1490 1385 1542 continente
1422 1489 1560 1552 ipsa,
1595 1488 1742 1552 quod

59 1566 300 1617 animam
338 1565 588 1618 dicimuS.
637 1565 694 1617 Si
732 1566 900 1629 igitur
938 1579 1140 1628 corpus
1177 1565 1279 1616 erit
1314 1565 1515 1621 anima,
1548 1569 1608 1614 ut
1643 1564 1746 1615 etsi

0 1649 39 1685 t2⁰
60 1641 130 1693 sit
153 1641 555 1699 tenuissimum,
582 1640 714 1704 quid
740 1641 939 1692 iterum
965 1640 1082 1698 erit,
1109 1639 1259 1704 quod
1284 1653 1407 1691 eam
1430 1639 1748 1691 contineat?

62 1715 428 1767 Monstratum
470 1721 554 1767 est
595 1729 836 1779 namque
878 1729 1041 1766 omne
1084 1728 1286 1778 corpus
1328 1714 1578 1778 indigere
1621 1727 1747 1764 con-

62 1790 264 1841 tinente
299 1795 352 1841 et
388 1790 466 1841 sic
498 1790 570 1841 ad
606 1790 1016 1848 inconveniens,
1051 1789 1230 1842 donec
1261 1789 1645 1853 pertingamus
1674 1788 1745 1839 ad

60 1865 356 1915 essentiam
378 1865 776 1927 incorpoream.
811 1864 975 1921 Quod
999 1864 1046 1916 si
1069 1863 1300 1923 dicatur,
1319 1863 1474 1916 velut
1495 1862 1746 1920 Stoici,
1791 1867 1842 1906 10

63 1938 323 1990 robustus
367 1946 552 1990 motus
598 1939 740 1991 circa
785 1953 1019 2002 corpora
1062 1952 1202 1997 esse,
1246 1939 1518 1991 introrsus
1562 1943 1616 1989 et
1654 1952 1747 1990 ex-

0 2022 39 2056 25
62 2018 274 2064 trorsus
311 2027 543 2064 movens
582 2019 650 2071 et,
689 2014 783 2078 qui
820 2019 1009 2066 movet
1046 2019 1346 2071 extrorsus,
1386 2013 1747 2077 qualitatibus

61 2092 115 2138 et
143 2087 543 2149 quantitatibus
574 2088 643 2139 sit
672 2088 1144 2147 determinativus,
1175 2089 1267 2151 qui
1296 2102 1430 2140 vero
1459 2089 1746 2144 introrsus,

62 2162 264 2212 unione
290 2167 344 2212 et
370 2163 625 2219 essentia,
653 2163 1109 2226 interrogandum
1133 2177 1249 2221 eos,
1277 2177 1401 2214 cum
1428 2163 1608 2214 omnis
1631 2177 1748 2212 mo-

137 2266 154 2307 l
200 2267 334 2308 calid.
375 2268 421 2308 in
462 2278 586 2317 corp.
611 2268 648 2308 B
687 2268 734 2308 in
767 2268 899 2309 calid.
933 2279 1057 2318 corp.
1085 2268 1123 2310 C
1158 2264 1269 2318 (hoc
1300 2264 1424 2317 ord.)
1576 2270 1622 2308 et
1652 2266 1751 2316 frig.

58 2328 104 2367 et
135 2326 258 2368 hum.
291 2330 338 2368 et
367 2328 475 2368 sicc.
510 2326 621 2378 039
661 2323 756 2376 (καὶ
795 2329 867 2368 ter
904 2328 952 2368 in
994 2329 1129 2370 codd.
1164 2324 1379 2378 Graecis)
1418 2330 1465 2368 et
1495 2326 1594 2378 frig.
1627 2326 1751 2366 hum.

58 2387 104 2426 et
133 2386 241 2427 sicc.
273 2386 418 2428 PBEI
458 2387 581 2428 hum.
615 2387 713 2436 frig.
746 2387 854 2427 sice.
886 2386 918 2427 A
1164 2386 1190 2427 2
1237 2387 1533 2428 concordiam
1574 2389 1751 2436 tempe-

60 2445 247 2486 rantiam
271 2445 305 2486 A
400 2445 501 2486 4—5
535 2447 622 2487 dic.
648 2457 752 2487 esse
776 2446 815 2486 Ρ
845 2448 1028 2497 transp.
1053 2446 1088 2488 A
1175 2457 1281 2488 esse
1305 2458 1396 2487 om.
1415 2445 1496 2487 CB
1591 2445 1617 2485 5
1652 2445 1751 2495 qui-

60 2503 165 2544 dam
189 2503 223 2545 A
310 2505 337 2546 6
370 2516 475 2547 esse
499 2508 612 2547 ante
637 2517 761 2546 omn.
784 2517 896 2556 pon.
921 2504 955 2546 A
1043 2505 1068 2546 7
1101 2506 1226 2548 velut
1249 2502 1407 2555 (velud
1431 2502 1487 2555 P)
1513 2504 1559 2545 M
1583 2507 1631 2545 ut
1654 2505 1693 2546 B

62 2561 115 2603 13
147 2564 339 2606 numinii
371 2561 567 2614 (numini
591 2562 700 2615 Α)Ο
734 2563 951 2606 Numenii
974 2564 1048 2606 Ho
1081 2559 1355 2614 (νουμηνίου
1380 2566 1479 2606 sive
1502 2558 1749 2612 νουμενίου

59 2622 183 2671 mel„
225 2619 462 2673 νουμινίου
506 2626 598 2666 det.
638 2626 773 2666 codd.
805 2620 1049 2674 Nemesil),
1091 2625 1358 2666 itacismum
1400 2635 1536 2675 quem
1579 2627 1753 2666 vocant

57 2682 320 2733 opprimere
350 2685 482 2725 nolui
627 2683 680 2725 14
722 2683 957 2725 mutabilia
986 2694 1077 2725 om.
1107 2683 1143 2725 A
1299 2683 1353 2725 15
1385 2677 1454 2726 et¹
1485 2695 1576 2725 om.
1598 2677 1755 2726 P¹AC

55 2742 211 2792 suppl.
241 2753 390 2793 supra
421 2755 538 2786 vers.
570 2737 638 2785 12²
728 2754 833 2785 esse
864 2754 954 2784 om.
985 2742 1020 2784 A
1150 2742 1205 2784 16
1236 2742 1512 2786 execrabilia
1537 2773 1548 2783 .
1568 2773 1578 2784 .
1596 2773 1607 2784 .
1631 2743 1749 2784 indi-

55 2800 224 2842 visibili
247 2800 281 2842 A
371 2801 424 2842 18
457 2797 523 2844 et¹
548 2815 636 2844 om.
655 2802 687 2844 A
771 2802 825 2843 19
858 2795 1048 2854 animal]
1074 2798 1311 2852 (1—21m.
1329 2799 1415 2852 er.)
1439 2802 1478 2842 Ρ
1537 2805 1583 2843 et
1605 2803 1644 2844 si
1669 2802 1755 2844 PC

56 2860 95 2900 si
116 2859 152 2902 A
186 2861 323 2902 etiam
347 2861 386 2902 Β
533 2862 589 2903 20
621 2862 749 2913 quod
771 2863 809 2903 B
954 2861 1012 2903 23
1043 2855 1364 2915 esse<ntiam)
1397 2862 1470 2904 Ηο
1510 2872 1616 2904 esse
1648 2860 1689 2904 Ο

58 2919 113 2960 26
143 2931 233 2970 pro
266 2920 325 2961 sit
356 2932 482 2972 exsp.
515 2932 619 2963 esse
743 2921 796 2962 27
832 2922 1041 2963 unitione
1075 2914 1438 2976 0¹„corr.1c¹·¹
