<?xml version="1.0" encoding="UTF-8"?>
<!DOCTYPE html PUBLIC "-//W3C//DTD XHTML 1.0 Transitional//EN"
    "http://www.w3.org/TR/xhtml1/DTD/xhtml1-transitional.dtd">
<html xmlns="http://www.w3.org/1999/xhtml" xml:lang="en" lang="en">
 <head>
  <title>
</title>
<meta http-equiv="Content-Type" content="text/html;charset=utf-8" />
  <meta name='ocr-system' content='tesseract 3.04.00' />
  <meta name='ocr-capabilities' content='ocr_page ocr_carea ocr_par ocr_line ocrx_word'/>
</head>
<body>
  <div class='ocr_page' id='page_1' title='image "./nemesiiepiscopip00nemeuoft_0150.png"; bbox 0 0 1982 3172; ppageno 0'>
   <div class='ocr_carea' id='block_1_1' title="bbox 226 110 1554 165">
    <p class='ocr_par' dir='ltr' id='par_1_1' title="bbox 226 110 1554 165">
     <span class='ocr_line' id='line_1_1' title="bbox 226 110 1554 165; baseline 0.002 -9"><span class='ocrx_word' id='word_1_1' title='bbox 226 115 328 165; x_wconf 87' lang='grc'>134</span> <span class='ocrx_word' id='word_1_2' title='bbox 589 110 846 155; x_wconf 88' lang='lat' dir='ltr'>NEMESII</span> <span class='ocrx_word' id='word_1_3' title='bbox 880 111 1196 157; x_wconf 84' lang='lat' dir='ltr'>PREMNON</span> <span class='ocrx_word' id='word_1_4' title='bbox 1229 112 1554 159; x_wconf 89' lang='lat' dir='ltr'><strong>PHYSICON</strong></span> 
     </span>
    </p>
   </div>
   <div class='ocr_carea' id='block_1_2' title="bbox 222 246 1982 683">
    <p class='ocr_par' dir='ltr' id='par_1_2' title="bbox 222 246 1982 683">
     <span class='ocr_line' id='line_1_2' title="bbox 222 246 1982 313; baseline 0.004 -19"><span class='ocrx_word' id='word_1_5' title='bbox 222 246 615 308; x_wconf 80' lang='lat' dir='ltr'>permutabiles</span> <span class='ocrx_word' id='word_1_6' title='bbox 640 261 846 305; x_wconf 82' lang='lat' dir='ltr'>sumuS,</span> <span class='ocrx_word' id='word_1_7' title='bbox 876 253 1179 309; x_wconf 85' lang='lat' dir='ltr'>potestates</span> <span class='ocrx_word' id='word_1_8' title='bbox 1206 248 1599 311; x_wconf 86' lang='lat' dir='ltr'>praeelectivas</span> <span class='ocrx_word' id='word_1_9' title='bbox 1628 256 1902 313; x_wconf 87' lang='lat' dir='ltr'>permuta-</span> <span class='ocrx_word' id='word_1_10' title='bbox 1978 252 1982 282; x_wconf 77' lang='lat'>3</span> 
     </span>
     <span class='ocr_line' id='line_1_3' title="bbox 222 319 1901 387; baseline 0.003 -18"><span class='ocrx_word' id='word_1_11' title='bbox 222 319 360 370; x_wconf 91' lang='lat' dir='ltr'>biles</span> <span class='ocrx_word' id='word_1_12' title='bbox 397 320 682 378; x_wconf 89' lang='lat' dir='ltr'>habemus,</span> <span class='ocrx_word' id='word_1_13' title='bbox 726 321 824 371; x_wconf 89' lang='lat' dir='ltr'>sed</span> <span class='ocrx_word' id='word_1_14' title='bbox 862 335 989 379; x_wconf 92' lang='lat' dir='ltr'>non,</span> <span class='ocrx_word' id='word_1_15' title='bbox 1033 322 1161 384; x_wconf 90' lang='lat' dir='ltr'>quia</span> <span class='ocrx_word' id='word_1_16' title='bbox 1200 322 1468 374; x_wconf 90' lang='lat' dir='ltr'>habemus</span> <span class='ocrx_word' id='word_1_17' title='bbox 1509 324 1901 387; x_wconf 84' lang='lat' dir='ltr'>permutabiles</span> 
     </span>
     <span class='ocr_line' id='line_1_4' title="bbox 223 394 1982 456; baseline 0.002 -12"><span class='ocrx_word' id='word_1_18' title='bbox 223 399 542 456; x_wconf 83' lang='lat' dir='ltr'>potestates,</span> <span class='ocrx_word' id='word_1_19' title='bbox 568 394 695 445; x_wconf 92' lang='lat' dir='ltr'>ideo</span> <span class='ocrx_word' id='word_1_20' title='bbox 727 395 857 445; x_wconf 90' lang='lat' dir='ltr'>mali</span> <span class='ocrx_word' id='word_1_21' title='bbox 887 409 1009 446; x_wconf 92' lang='lat' dir='ltr'>esse</span> <span class='ocrx_word' id='word_1_22' title='bbox 1042 396 1346 447; x_wconf 77' lang='lat' dir='ltr'>debemus?</span> <span class='ocrx_word' id='word_1_23' title='bbox 1387 396 1480 448; x_wconf 91' lang='lat' dir='ltr'>Sin</span> <span class='ocrx_word' id='word_1_24' title='bbox 1511 403 1709 456; x_wconf 90' lang='lat' dir='ltr'>autem,</span> <span class='ocrx_word' id='word_1_25' title='bbox 1737 398 1900 450; x_wconf 91' lang='lat' dir='ltr'>deum</span> <span class='ocrx_word' id='word_1_26' title='bbox 1980 400 1982 402; x_wconf 82' lang='grc'><strong>’</strong></span> 
     </span>
     <span class='ocr_line' id='line_1_5' title="bbox 224 469 1901 534; baseline 0.003 -16"><span class='ocrx_word' id='word_1_27' title='bbox 224 469 345 530; x_wconf 90' lang='lat' dir='ltr'>quis</span> <span class='ocrx_word' id='word_1_28' title='bbox 380 469 699 519; x_wconf 78' lang='lat' dir='ltr'>accusabit?</span> <span class='ocrx_word' id='word_1_29' title='bbox 749 469 874 520; x_wconf 93' lang='lat' dir='ltr'>Non</span> <span class='ocrx_word' id='word_1_30' title='bbox 910 471 1055 520; x_wconf 92' lang='lat' dir='ltr'>enim</span> <span class='ocrx_word' id='word_1_31' title='bbox 1094 471 1148 521; x_wconf 93' lang='lat' dir='ltr'>in</span> <span class='ocrx_word' id='word_1_32' title='bbox 1187 472 1555 534; x_wconf 85' lang='lat' dir='ltr'>potestatibus</span> <span class='ocrx_word' id='word_1_33' title='bbox 1593 478 1720 523; x_wconf 91' lang='lat' dir='ltr'>sunt</span> <span class='ocrx_word' id='word_1_34' title='bbox 1750 473 1901 529; x_wconf 91' lang='lat' dir='ltr'>vitia,</span> 
     </span>
     <span class='ocr_line' id='line_1_6' title="bbox 226 542 1982 609; baseline 0.001 -17"><span class='ocrx_word' id='word_1_35' title='bbox 226 542 322 593; x_wconf 90' lang='lat' dir='ltr'>sed</span> <span class='ocrx_word' id='word_1_36' title='bbox 360 543 414 592; x_wconf 93' lang='lat' dir='ltr'>in</span> <span class='ocrx_word' id='word_1_37' title='bbox 455 543 749 594; x_wconf 81' lang='lat' dir='ltr'>habitibus,</span> <span class='ocrx_word' id='word_1_38' title='bbox 800 543 908 595; x_wconf 90' lang='lat' dir='ltr'>Sed</span> <span class='ocrx_word' id='word_1_39' title='bbox 949 545 1170 596; x_wconf 90' lang='lat' dir='ltr'>habitus</span> <span class='ocrx_word' id='word_1_40' title='bbox 1211 551 1337 596; x_wconf 92' lang='lat' dir='ltr'>sunt</span> <span class='ocrx_word' id='word_1_41' title='bbox 1377 545 1679 596; x_wconf 92' lang='lat' dir='ltr'>secundum</span> <span class='ocrx_word' id='word_1_42' title='bbox 1717 560 1903 609; x_wconf 85' lang='lat' dir='ltr'>praee·</span> <span class='ocrx_word' id='word_1_43' title='bbox 1954 564 1982 593; x_wconf 69' lang='grc' dir='ltr'>ε.</span> 
     </span>
     <span class='ocr_line' id='line_1_7' title="bbox 226 617 1982 683; baseline 0.003 -16"><span class='ocrx_word' id='word_1_44' title='bbox 226 617 531 668; x_wconf 89' lang='lat' dir='ltr'>lectionem.</span> <span class='ocrx_word' id='word_1_45' title='bbox 562 617 876 669; x_wconf 91' lang='lat' dir='ltr'>Secundum</span> <span class='ocrx_word' id='word_1_46' title='bbox 911 620 1367 682; x_wconf 87' lang='lat' dir='ltr'>praeelectionem</span> <span class='ocrx_word' id='word_1_47' title='bbox 1402 635 1534 683; x_wconf 87' lang='lat' dir='ltr'>ergo</span> <span class='ocrx_word' id='word_1_48' title='bbox 1568 621 1698 671; x_wconf 92' lang='lat' dir='ltr'>mali</span> <span class='ocrx_word' id='word_1_49' title='bbox 1731 621 1905 680; x_wconf 80' lang='lat' dir='ltr'>effici·</span> <span class='ocrx_word' id='word_1_50' title='bbox 1978 630 1982 634; x_wconf 83' lang='lat'>&#39;</span> 
     </span>
    </p>
   </div>
   <div class='ocr_carea' id='block_1_3' title="bbox 69 693 1906 746">
    <p class='ocr_par' dir='ltr' id='par_1_3' title="bbox 69 693 1906 746">
     <span class='ocr_line' id='line_1_8' title="bbox 69 693 1906 746; baseline 0.003 -6"><span class='ocrx_word' id='word_1_51' title='bbox 69 730 74 732; x_wconf 90' lang='lat'>.</span> <span class='ocrx_word' id='word_1_52' title='bbox 141 700 194 739; x_wconf 87' lang='lat'>16</span> <span class='ocrx_word' id='word_1_53' title='bbox 226 698 420 742; x_wconf 85' lang='lat' dir='ltr'>muret</span> <span class='ocrx_word' id='word_1_54' title='bbox 442 706 555 742; x_wconf 94' lang='lat' dir='ltr'>non</span> <span class='ocrx_word' id='word_1_55' title='bbox 583 693 885 743; x_wconf 91' lang='lat' dir='ltr'>secundum</span> <span class='ocrx_word' id='word_1_56' title='bbox 929 700 1181 745; x_wconf 90' lang='lat' dir='ltr'>naturam</span> <span class='ocrx_word' id='word_1_57' title='bbox 1209 709 1414 745; x_wconf 77' lang='lat' dir='ltr'>sumus,</span> <span class='ocrx_word' id='word_1_58' title='bbox 1522 695 1791 746; x_wconf 88' lang='lat' dir='ltr'>Addiscat</span> <span class='ocrx_word' id='word_1_59' title='bbox 1812 710 1906 746; x_wconf 91' lang='lat' dir='ltr'>au-</span> 
     </span>
    </p>
   </div>
   <div class='ocr_carea' id='block_1_4' title="bbox 143 766 1982 2242">
    <p class='ocr_par' dir='ltr' id='par_1_4' title="bbox 143 766 1982 2242">
     <span class='ocr_line' id='line_1_9' title="bbox 224 766 1905 831; baseline 0.002 -16"><span class='ocrx_word' id='word_1_60' title='bbox 224 771 334 816; x_wconf 92' lang='lat' dir='ltr'>tem</span> <span class='ocrx_word' id='word_1_61' title='bbox 365 766 488 828; x_wconf 87' lang='lat' dir='ltr'>quis</span> <span class='ocrx_word' id='word_1_62' title='bbox 523 766 836 828; x_wconf 83' lang='lat' dir='ltr'>perfectius,</span> <span class='ocrx_word' id='word_1_63' title='bbox 872 767 1020 829; x_wconf 91' lang='lat' dir='ltr'>quod</span> <span class='ocrx_word' id='word_1_64' title='bbox 1057 768 1268 825; x_wconf 90' lang='lat' dir='ltr'>dicitur,</span> <span class='ocrx_word' id='word_1_65' title='bbox 1304 769 1395 818; x_wconf 86' lang='lat' dir='ltr'>sio.</span> <span class='ocrx_word' id='word_1_66' title='bbox 1439 768 1497 818; x_wconf 93' lang='lat' dir='ltr'>In</span> <span class='ocrx_word' id='word_1_67' title='bbox 1530 769 1905 831; x_wconf 89' lang='lat' dir='ltr'>superioribus</span> 
     </span>
     <span class='ocr_line' id='line_1_10' title="bbox 227 839 1907 905; baseline 0.002 -16"><span class='ocrx_word' id='word_1_68' title='bbox 227 839 467 890; x_wconf 89' lang='lat' dir='ltr'>diximus</span> <span class='ocrx_word' id='word_1_69' title='bbox 497 846 827 903; x_wconf 91' lang='lat' dir='ltr'>potestatem</span> <span class='ocrx_word' id='word_1_70' title='bbox 862 855 999 899; x_wconf 92' lang='lat' dir='ltr'>esse,</span> <span class='ocrx_word' id='word_1_71' title='bbox 1032 855 1129 904; x_wconf 89' lang='lat' dir='ltr'>per</span> <span class='ocrx_word' id='word_1_72' title='bbox 1163 856 1326 905; x_wconf 88' lang='lat' dir='ltr'>quam</span> <span class='ocrx_word' id='word_1_73' title='bbox 1359 842 1794 905; x_wconf 89' lang='lat' dir='ltr'>unumquodque</span> <span class='ocrx_word' id='word_1_74' title='bbox 1825 842 1907 893; x_wconf 84' lang='lat' dir='ltr'>fa-</span> 
     </span>
     <span class='ocr_line' id='line_1_11' title="bbox 227 915 1982 979; baseline -0.001 -15"><span class='ocrx_word' id='word_1_75' title='bbox 227 927 345 964; x_wconf 91' lang='lat' dir='ltr'>cere</span> <span class='ocrx_word' id='word_1_76' title='bbox 368 929 682 977; x_wconf 77' lang='lat' dir='ltr'>possumus,</span> <span class='ocrx_word' id='word_1_77' title='bbox 721 915 915 966; x_wconf 91' lang='lat' dir='ltr'>Omnis</span> <span class='ocrx_word' id='word_1_78' title='bbox 941 922 1125 967; x_wconf 91' lang='lat' dir='ltr'>autem</span> <span class='ocrx_word' id='word_1_79' title='bbox 1154 917 1519 978; x_wconf 86' lang='lat' dir='ltr'>praeelectiva</span> <span class='ocrx_word' id='word_1_80' title='bbox 1546 922 1793 979; x_wconf 87' lang='lat' dir='ltr'>potestas</span> <span class='ocrx_word' id='word_1_81' title='bbox 1819 930 1907 968; x_wconf 89' lang='lat' dir='ltr'>ea·</span> <span class='ocrx_word' id='word_1_82' title='bbox 1936 931 1982 965; x_wconf 72' lang='lat' dir='ltr'><em>w</em></span> 
     </span>
     <span class='ocr_line' id='line_1_12' title="bbox 228 989 1906 1054; baseline 0.002 -16"><span class='ocrx_word' id='word_1_83' title='bbox 228 989 352 1039; x_wconf 90' lang='lat' dir='ltr'>dem</span> <span class='ocrx_word' id='word_1_84' title='bbox 379 995 464 1040; x_wconf 89' lang='lat' dir='ltr'>est</span> <span class='ocrx_word' id='word_1_85' title='bbox 498 990 907 1052; x_wconf 89' lang='lat' dir='ltr'>oppositorum;</span> <span class='ocrx_word' id='word_1_86' title='bbox 939 1005 1050 1040; x_wconf 92' lang='lat' dir='ltr'>una</span> <span class='ocrx_word' id='word_1_87' title='bbox 1081 1005 1321 1054; x_wconf 89' lang='lat' dir='ltr'>namque</span> <span class='ocrx_word' id='word_1_88' title='bbox 1350 997 1404 1042; x_wconf 91' lang='lat' dir='ltr'>et</span> <span class='ocrx_word' id='word_1_89' title='bbox 1432 991 1629 1042; x_wconf 92' lang='lat' dir='ltr'>eadem</span> <span class='ocrx_word' id='word_1_90' title='bbox 1659 996 1906 1054; x_wconf 87' lang='lat' dir='ltr'>potestas</span> 
     </span>
     <span class='ocr_line' id='line_1_13' title="bbox 227 1064 1907 1128; baseline 0.001 -14"><span class='ocrx_word' id='word_1_91' title='bbox 227 1069 310 1114; x_wconf 90' lang='lat' dir='ltr'>est</span> <span class='ocrx_word' id='word_1_92' title='bbox 342 1064 642 1115; x_wconf 91' lang='lat' dir='ltr'>mentiendi</span> <span class='ocrx_word' id='word_1_93' title='bbox 677 1070 732 1115; x_wconf 93' lang='lat' dir='ltr'>et</span> <span class='ocrx_word' id='word_1_94' title='bbox 764 1078 958 1115; x_wconf 86' lang='lat' dir='ltr'>verum</span> <span class='ocrx_word' id='word_1_95' title='bbox 996 1064 1229 1123; x_wconf 83' lang='lat' dir='ltr'>dicendi,</span> <span class='ocrx_word' id='word_1_96' title='bbox 1264 1071 1319 1116; x_wconf 92' lang='lat' dir='ltr'>et</span> <span class='ocrx_word' id='word_1_97' title='bbox 1352 1079 1464 1115; x_wconf 91' lang='lat' dir='ltr'>una</span> <span class='ocrx_word' id='word_1_98' title='bbox 1493 1071 1549 1116; x_wconf 91' lang='lat' dir='ltr'>et</span> <span class='ocrx_word' id='word_1_99' title='bbox 1579 1065 1773 1116; x_wconf 92' lang='lat' dir='ltr'>eadem</span> <span class='ocrx_word' id='word_1_100' title='bbox 1810 1079 1907 1128; x_wconf 89' lang='lat' dir='ltr'>po-</span> 
     </span>
     <span class='ocr_line' id='line_1_14' title="bbox 143 1138 1907 1203; baseline 0.003 -18"><span class='ocrx_word' id='word_1_101' title='bbox 143 1145 194 1185; x_wconf 89' lang='lat'>17</span> <span class='ocrx_word' id='word_1_102' title='bbox 228 1143 399 1188; x_wconf 89' lang='lat' dir='ltr'>testas</span> <span class='ocrx_word' id='word_1_103' title='bbox 452 1144 538 1189; x_wconf 87' lang='lat' dir='ltr'>est</span> <span class='ocrx_word' id='word_1_104' title='bbox 597 1138 841 1188; x_wconf 90' lang='lat' dir='ltr'>sobrium</span> <span class='ocrx_word' id='word_1_105' title='bbox 884 1138 1007 1189; x_wconf 84' lang='lat' dir='ltr'>fieri</span> <span class='ocrx_word' id='word_1_106' title='bbox 1047 1144 1103 1190; x_wconf 93' lang='lat' dir='ltr'>et</span> <span class='ocrx_word' id='word_1_107' title='bbox 1144 1138 1424 1189; x_wconf 89' lang='lat' dir='ltr'>luxuriari.</span> <span class='ocrx_word' id='word_1_108' title='bbox 1477 1138 1586 1190; x_wconf 88' lang='lat' dir='ltr'>Sed</span> <span class='ocrx_word' id='word_1_109' title='bbox 1623 1153 1907 1203; x_wconf 87' lang='lat' dir='ltr'>nunquam</span> 
     </span>
     <span class='ocr_line' id='line_1_15' title="bbox 228 1211 1910 1275; baseline 0.002 -14"><span class='ocrx_word' id='word_1_110' title='bbox 228 1211 375 1262; x_wconf 93' lang='lat' dir='ltr'>idem</span> <span class='ocrx_word' id='word_1_111' title='bbox 399 1212 623 1263; x_wconf 88' lang='lat' dir='ltr'>habitus</span> <span class='ocrx_word' id='word_1_112' title='bbox 648 1219 733 1263; x_wconf 90' lang='lat' dir='ltr'>est</span> <span class='ocrx_word' id='word_1_113' title='bbox 761 1213 1163 1275; x_wconf 90' lang='lat' dir='ltr'>oppositorum,</span> <span class='ocrx_word' id='word_1_114' title='bbox 1192 1219 1254 1264; x_wconf 96' lang='lat' dir='ltr'>ut</span> <span class='ocrx_word' id='word_1_115' title='bbox 1282 1213 1598 1264; x_wconf 89' lang='lat' dir='ltr'>luxuriandi</span> <span class='ocrx_word' id='word_1_116' title='bbox 1625 1218 1680 1264; x_wconf 91' lang='lat' dir='ltr'>et</span> <span class='ocrx_word' id='word_1_117' title='bbox 1705 1213 1910 1265; x_wconf 89' lang='lat' dir='ltr'>sobrie-</span> 
     </span>
     <span class='ocr_line' id='line_1_16' title="bbox 230 1287 1967 1349; baseline -0.001 -13"><span class='ocrx_word' id='word_1_118' title='bbox 230 1292 397 1338; x_wconf 91' lang='lat' dir='ltr'>tatem</span> <span class='ocrx_word' id='word_1_119' title='bbox 431 1287 633 1349; x_wconf 88' lang='lat' dir='ltr'>agendi</span> <span class='ocrx_word' id='word_1_120' title='bbox 669 1287 759 1338; x_wconf 87' lang='lat' dir='ltr'>vel</span> <span class='ocrx_word' id='word_1_121' title='bbox 794 1287 1095 1338; x_wconf 90' lang='lat' dir='ltr'>mentiendi</span> <span class='ocrx_word' id='word_1_122' title='bbox 1129 1293 1186 1338; x_wconf 92' lang='lat' dir='ltr'>et</span> <span class='ocrx_word' id='word_1_123' title='bbox 1219 1288 1506 1339; x_wconf 90' lang='lat' dir='ltr'>veritatem</span> <span class='ocrx_word' id='word_1_124' title='bbox 1543 1287 1776 1346; x_wconf 90' lang='lat' dir='ltr'>dicendi,</span> <span class='ocrx_word' id='word_1_125' title='bbox 1810 1288 1908 1339; x_wconf 90' lang='lat' dir='ltr'>sed</span> <span class='ocrx_word' id='word_1_126' title='bbox 1937 1301 1967 1336; x_wconf 72' lang='grc' dir='ltr'>ιε</span> 
     </span>
     <span class='ocr_line' id='line_1_17' title="bbox 230 1361 1911 1424; baseline 0.001 -13"><span class='ocrx_word' id='word_1_127' title='bbox 230 1361 616 1423; x_wconf 90' lang='lat' dir='ltr'>oppositorum</span> <span class='ocrx_word' id='word_1_128' title='bbox 656 1362 900 1424; x_wconf 90' lang='lat' dir='ltr'>oppositi</span> <span class='ocrx_word' id='word_1_129' title='bbox 943 1368 1070 1413; x_wconf 91' lang='lat' dir='ltr'>sunt</span> <span class='ocrx_word' id='word_1_130' title='bbox 1107 1362 1344 1413; x_wconf 88' lang='lat' dir='ltr'>habitus.</span> <span class='ocrx_word' id='word_1_131' title='bbox 1395 1361 1607 1413; x_wconf 91' lang='lat' dir='ltr'>Etenim</span> <span class='ocrx_word' id='word_1_132' title='bbox 1648 1362 1911 1414; x_wconf 88' lang='lat' dir='ltr'>sobrieta-</span> 
     </span>
     <span class='ocr_line' id='line_1_18' title="bbox 230 1436 1909 1499; baseline 0.001 -14"><span class='ocrx_word' id='word_1_133' title='bbox 230 1441 340 1485; x_wconf 91' lang='lat' dir='ltr'>tem</span> <span class='ocrx_word' id='word_1_134' title='bbox 376 1449 540 1498; x_wconf 88' lang='lat' dir='ltr'>agere</span> <span class='ocrx_word' id='word_1_135' title='bbox 579 1442 662 1486; x_wconf 91' lang='lat' dir='ltr'>est</span> <span class='ocrx_word' id='word_1_136' title='bbox 698 1436 934 1493; x_wconf 91' lang='lat' dir='ltr'>habitus,</span> <span class='ocrx_word' id='word_1_137' title='bbox 975 1437 1067 1498; x_wconf 90' lang='lat' dir='ltr'>qui</span> <span class='ocrx_word' id='word_1_138' title='bbox 1103 1442 1188 1487; x_wconf 89' lang='lat' dir='ltr'>est</span> <span class='ocrx_word' id='word_1_139' title='bbox 1226 1436 1528 1487; x_wconf 92' lang='lat' dir='ltr'>secundum</span> <span class='ocrx_word' id='word_1_140' title='bbox 1565 1436 1909 1499; x_wconf 88' lang='lat' dir='ltr'>probitatem,</span> 
     </span>
     <span class='ocr_line' id='line_1_19' title="bbox 147 1509 1911 1574; baseline 0.002 -16"><span class='ocrx_word' id='word_1_141' title='bbox 147 1517 198 1558; x_wconf 87' lang='lat'>18</span> <span class='ocrx_word' id='word_1_142' title='bbox 231 1509 497 1560; x_wconf 79' lang='lat' dir='ltr'>luxuriari</span> <span class='ocrx_word' id='word_1_143' title='bbox 535 1515 719 1561; x_wconf 88' lang='lat' dir='ltr'>autem</span> <span class='ocrx_word' id='word_1_144' title='bbox 760 1516 845 1561; x_wconf 90' lang='lat' dir='ltr'>est</span> <span class='ocrx_word' id='word_1_145' title='bbox 882 1510 1103 1561; x_wconf 91' lang='lat' dir='ltr'>habitus</span> <span class='ocrx_word' id='word_1_146' title='bbox 1144 1510 1401 1561; x_wconf 89' lang='lat' dir='ltr'>malitiae.</span> <span class='ocrx_word' id='word_1_147' title='bbox 1451 1510 1596 1574; x_wconf 87' lang='lat' dir='ltr'>Ergo</span> <span class='ocrx_word' id='word_1_148' title='bbox 1633 1523 1747 1561; x_wconf 93' lang='lat' dir='ltr'>non</span> <span class='ocrx_word' id='word_1_149' title='bbox 1784 1515 1911 1561; x_wconf 87' lang='lat' dir='ltr'>sunt</span> 
     </span>
     <span class='ocr_line' id='line_1_20' title="bbox 232 1583 1980 1646; baseline 0 -12"><span class='ocrx_word' id='word_1_150' title='bbox 232 1589 570 1646; x_wconf 88' lang='lat' dir='ltr'>potestatum</span> <span class='ocrx_word' id='word_1_151' title='bbox 595 1585 746 1641; x_wconf 90' lang='lat' dir='ltr'>vitia,</span> <span class='ocrx_word' id='word_1_152' title='bbox 779 1584 878 1634; x_wconf 91' lang='lat' dir='ltr'>sed</span> <span class='ocrx_word' id='word_1_153' title='bbox 907 1584 1194 1635; x_wconf 90' lang='lat' dir='ltr'>habituum</span> <span class='ocrx_word' id='word_1_154' title='bbox 1227 1590 1281 1635; x_wconf 91' lang='lat' dir='ltr'>et</span> <span class='ocrx_word' id='word_1_155' title='bbox 1312 1584 1744 1646; x_wconf 86' lang='lat' dir='ltr'>praeelectionis.</span> <span class='ocrx_word' id='word_1_156' title='bbox 1786 1583 1910 1635; x_wconf 92' lang='lat' dir='ltr'>Non</span> <span class='ocrx_word' id='word_1_157' title='bbox 1977 1641 1980 1643; x_wconf 52' lang='grc'><strong>,</strong></span> 
     </span>
     <span class='ocr_line' id='line_1_21' title="bbox 232 1658 1982 1721; baseline 0.001 -14"><span class='ocrx_word' id='word_1_158' title='bbox 232 1659 376 1708; x_wconf 93' lang='lat' dir='ltr'>enim</span> <span class='ocrx_word' id='word_1_159' title='bbox 404 1663 651 1721; x_wconf 87' lang='lat' dir='ltr'>potestas</span> <span class='ocrx_word' id='word_1_160' title='bbox 682 1665 780 1716; x_wconf 91' lang='lat' dir='ltr'>est,</span> <span class='ocrx_word' id='word_1_161' title='bbox 811 1671 951 1721; x_wconf 89' lang='lat' dir='ltr'>quae</span> <span class='ocrx_word' id='word_1_162' title='bbox 983 1658 1114 1709; x_wconf 79' lang='lat' dir='ltr'>facit</span> <span class='ocrx_word' id='word_1_163' title='bbox 1144 1672 1246 1709; x_wconf 90' lang='lat' dir='ltr'>nos</span> <span class='ocrx_word' id='word_1_164' title='bbox 1276 1658 1540 1708; x_wconf 86' lang='lat' dir='ltr'>luxuriari</span> <span class='ocrx_word' id='word_1_165' title='bbox 1564 1658 1654 1709; x_wconf 89' lang='lat' dir='ltr'>vel</span> <span class='ocrx_word' id='word_1_166' title='bbox 1679 1658 1910 1716; x_wconf 88' lang='lat' dir='ltr'>mentiri,</span> <span class='ocrx_word' id='word_1_167' title='bbox 1938 1672 1982 1707; x_wconf 56' lang='lat' dir='ltr'>a*</span> 
     </span>
     <span class='ocr_line' id='line_1_22' title="bbox 234 1732 1912 1796; baseline 0 -13"><span class='ocrx_word' id='word_1_168' title='bbox 234 1733 331 1783; x_wconf 90' lang='lat' dir='ltr'>sed</span> <span class='ocrx_word' id='word_1_169' title='bbox 372 1732 717 1796; x_wconf 84' lang='lat' dir='ltr'>praeelectio.</span> <span class='ocrx_word' id='word_1_170' title='bbox 771 1732 829 1782; x_wconf 95' lang='lat' dir='ltr'>In</span> <span class='ocrx_word' id='word_1_171' title='bbox 868 1733 1029 1783; x_wconf 93' lang='lat' dir='ltr'>nobis</span> <span class='ocrx_word' id='word_1_172' title='bbox 1068 1733 1214 1783; x_wconf 91' lang='lat' dir='ltr'>enim</span> <span class='ocrx_word' id='word_1_173' title='bbox 1254 1738 1373 1784; x_wconf 90' lang='lat' dir='ltr'>erat</span> <span class='ocrx_word' id='word_1_174' title='bbox 1409 1747 1602 1783; x_wconf 91' lang='lat' dir='ltr'>verum</span> <span class='ocrx_word' id='word_1_175' title='bbox 1642 1732 1822 1783; x_wconf 87' lang='lat' dir='ltr'>dicere</span> <span class='ocrx_word' id='word_1_176' title='bbox 1855 1738 1912 1784; x_wconf 90' lang='lat' dir='ltr'>et</span> 
     </span>
     <span class='ocr_line' id='line_1_23' title="bbox 149 1805 1912 1870; baseline 0.001 -15"><span class='ocrx_word' id='word_1_177' title='bbox 149 1814 203 1854; x_wconf 84' lang='lat'>19</span> <span class='ocrx_word' id='word_1_178' title='bbox 233 1821 345 1857; x_wconf 92' lang='lat' dir='ltr'>non</span> <span class='ocrx_word' id='word_1_179' title='bbox 388 1807 620 1858; x_wconf 91' lang='lat' dir='ltr'>mentiri.</span> <span class='ocrx_word' id='word_1_180' title='bbox 677 1806 734 1858; x_wconf 92' lang='lat' dir='ltr'>Si</span> <span class='ocrx_word' id='word_1_181' title='bbox 777 1807 944 1870; x_wconf 89' lang='lat' dir='ltr'>igitur</span> <span class='ocrx_word' id='word_1_182' title='bbox 988 1821 1100 1857; x_wconf 94' lang='lat' dir='ltr'>non</span> <span class='ocrx_word' id='word_1_183' title='bbox 1146 1813 1228 1858; x_wconf 90' lang='lat' dir='ltr'>est</span> <span class='ocrx_word' id='word_1_184' title='bbox 1270 1807 1466 1858; x_wconf 91' lang='lat' dir='ltr'>vitium</span> <span class='ocrx_word' id='word_1_185' title='bbox 1509 1812 1773 1870; x_wconf 90' lang='lat' dir='ltr'>potestas,</span> <span class='ocrx_word' id='word_1_186' title='bbox 1814 1805 1912 1857; x_wconf 91' lang='lat' dir='ltr'>sed</span> 
     </span>
     <span class='ocr_line' id='line_1_24' title="bbox 233 1880 1913 1944; baseline 0.001 -14"><span class='ocrx_word' id='word_1_187' title='bbox 233 1881 471 1939; x_wconf 89' lang='lat' dir='ltr'>habitus,</span> <span class='ocrx_word' id='word_1_188' title='bbox 504 1895 617 1932; x_wconf 94' lang='lat' dir='ltr'>non</span> <span class='ocrx_word' id='word_1_189' title='bbox 655 1887 739 1932; x_wconf 90' lang='lat' dir='ltr'>est</span> <span class='ocrx_word' id='word_1_190' title='bbox 774 1881 934 1932; x_wconf 92' lang='lat' dir='ltr'>nobis</span> <span class='ocrx_word' id='word_1_191' title='bbox 974 1895 1141 1932; x_wconf 90' lang='lat' dir='ltr'>causa</span> <span class='ocrx_word' id='word_1_192' title='bbox 1177 1881 1464 1939; x_wconf 90' lang='lat' dir='ltr'>malorum,</span> <span class='ocrx_word' id='word_1_193' title='bbox 1503 1881 1595 1944; x_wconf 90' lang='lat' dir='ltr'>qui</span> <span class='ocrx_word' id='word_1_194' title='bbox 1631 1880 1783 1931; x_wconf 89' lang='lat' dir='ltr'>dedit</span> <span class='ocrx_word' id='word_1_195' title='bbox 1815 1894 1913 1943; x_wconf 91' lang='lat' dir='ltr'>po-</span> 
     </span>
     <span class='ocr_line' id='line_1_25' title="bbox 238 1955 1918 2018; baseline -0.001 -12"><span class='ocrx_word' id='word_1_196' title='bbox 238 1961 510 2014; x_wconf 90' lang='lat' dir='ltr'>testate-m,</span> <span class='ocrx_word' id='word_1_197' title='bbox 545 1955 643 2007; x_wconf 91' lang='lat' dir='ltr'>sed</span> <span class='ocrx_word' id='word_1_198' title='bbox 680 1955 916 2013; x_wconf 91' lang='lat' dir='ltr'>habitus,</span> <span class='ocrx_word' id='word_1_199' title='bbox 954 1956 1046 2018; x_wconf 91' lang='lat' dir='ltr'>qui</span> <span class='ocrx_word' id='word_1_200' title='bbox 1082 1955 1319 2006; x_wconf 76' lang='lat' dir='ltr'>effectus</span> <span class='ocrx_word' id='word_1_201' title='bbox 1354 1961 1439 2006; x_wconf 90' lang='lat' dir='ltr'>est</span> <span class='ocrx_word' id='word_1_202' title='bbox 1474 1969 1507 2005; x_wconf 94' lang='lat' dir='ltr'>a</span> <span class='ocrx_word' id='word_1_203' title='bbox 1537 1955 1699 2006; x_wconf 92' lang='lat' dir='ltr'>nobis</span> <span class='ocrx_word' id='word_1_204' title='bbox 1731 1960 1786 2006; x_wconf 91' lang='lat' dir='ltr'>et</span> <span class='ocrx_word' id='word_1_205' title='bbox 1821 1968 1918 2018; x_wconf 89' lang='lat' dir='ltr'>per</span> 
     </span>
     <span class='ocr_line' id='line_1_26' title="bbox 238 2024 1982 2093; baseline -0.002 -13"><span class='ocrx_word' id='word_1_206' title='bbox 238 2043 342 2080; x_wconf 93' lang='lat' dir='ltr'>nos</span> <span class='ocrx_word' id='word_1_207' title='bbox 365 2035 418 2080; x_wconf 94' lang='lat' dir='ltr'>et</span> <span class='ocrx_word' id='word_1_208' title='bbox 446 2031 500 2080; x_wconf 93' lang='lat' dir='ltr'>in</span> <span class='ocrx_word' id='word_1_209' title='bbox 527 2030 702 2080; x_wconf 91' lang='lat' dir='ltr'>nobis.</span> <span class='ocrx_word' id='word_1_210' title='bbox 742 2029 821 2080; x_wconf 85' lang='lat' dir='ltr'>Ex</span> <span class='ocrx_word' id='word_1_211' title='bbox 849 2043 914 2080; x_wconf 91' lang='lat' dir='ltr'>eo</span> <span class='ocrx_word' id='word_1_212' title='bbox 942 2043 1179 2093; x_wconf 91' lang='lat' dir='ltr'>namque</span> <span class='ocrx_word' id='word_1_213' title='bbox 1203 2024 1287 2080; x_wconf 77' lang='lat' dir='ltr'>es‘t</span> <span class='ocrx_word' id='word_1_214' title='bbox 1310 2030 1642 2081; x_wconf 91' lang='lat' dir='ltr'>contrarium</span> <span class='ocrx_word' id='word_1_215' title='bbox 1669 2028 1916 2080; x_wconf 88' lang='lat' dir='ltr'>habitum</span> <span class='ocrx_word' id='word_1_216' title='bbox 1945 2041 1982 2076; x_wconf 69' lang='lat' dir='ltr'><strong>z</strong></span> 
     </span>
     <span class='ocr_line' id='line_1_27' title="bbox 152 2103 1915 2167; baseline 0.001 -15"><span class='ocrx_word' id='word_1_217' title='bbox 152 2112 207 2152; x_wconf 85' lang='lat'>20</span> <span class='ocrx_word' id='word_1_218' title='bbox 240 2118 335 2167; x_wconf 92' lang='lat' dir='ltr'>per</span> <span class='ocrx_word' id='word_1_219' title='bbox 368 2104 611 2155; x_wconf 89' lang='lat' dir='ltr'>studium</span> <span class='ocrx_word' id='word_1_220' title='bbox 648 2104 937 2167; x_wconf 87' lang='lat' dir='ltr'>adquirere</span> <span class='ocrx_word' id='word_1_221' title='bbox 971 2110 1025 2154; x_wconf 93' lang='lat' dir='ltr'>et</span> <span class='ocrx_word' id='word_1_222' title='bbox 1057 2118 1169 2155; x_wconf 94' lang='lat' dir='ltr'>non</span> <span class='ocrx_word' id='word_1_223' title='bbox 1205 2118 1452 2166; x_wconf 88' lang='lat' dir='ltr'>pravum.</span> <span class='ocrx_word' id='word_1_224' title='bbox 1498 2103 1702 2154; x_wconf 84' lang='lat' dir='ltr'>Differt</span> <span class='ocrx_word' id='word_1_225' title='bbox 1732 2108 1915 2154; x_wconf 91' lang='lat' dir='ltr'>autem</span> 
     </span>
     <span class='ocr_line' id='line_1_28' title="bbox 240 2179 1915 2242; baseline -0.001 -12"><span class='ocrx_word' id='word_1_226' title='bbox 240 2185 488 2242; x_wconf 90' lang='lat' dir='ltr'>potestas</span> <span class='ocrx_word' id='word_1_227' title='bbox 517 2180 586 2230; x_wconf 90' lang='lat' dir='ltr'>ab</span> <span class='ocrx_word' id='word_1_228' title='bbox 618 2179 809 2230; x_wconf 93' lang='lat' dir='ltr'>habitu</span> <span class='ocrx_word' id='word_1_229' title='bbox 843 2193 925 2237; x_wconf 72' lang='grc' dir='ltr'>ρο,</span> <span class='ocrx_word' id='word_1_230' title='bbox 960 2179 1108 2241; x_wconf 84' lang='lat' dir='ltr'>quod</span> <span class='ocrx_word' id='word_1_231' title='bbox 1143 2193 1335 2230; x_wconf 93' lang='lat' dir='ltr'>omnes</span> <span class='ocrx_word' id='word_1_232' title='bbox 1367 2184 1668 2241; x_wconf 91' lang='lat' dir='ltr'>potestates</span> <span class='ocrx_word' id='word_1_233' title='bbox 1696 2184 1915 2229; x_wconf 88' lang='lat' dir='ltr'>natura-</span> 
     </span>
    </p>
   </div>
   <div class='ocr_carea' id='block_1_5' title="bbox 241 2343 1923 2454">
    <p class='ocr_par' dir='ltr' id='par_1_5' title="bbox 241 2343 1923 2454">
     <span class='ocr_line' id='line_1_29' title="bbox 317 2343 1922 2395; baseline -0.001 -11"><span class='ocrx_word' id='word_1_234' title='bbox 317 2344 336 2384; x_wconf 87' lang='lat'>1</span> <span class='ocrx_word' id='word_1_235' title='bbox 371 2347 484 2395; x_wconf 80' lang='lat' dir='ltr'>post</span> <span class='ocrx_word' id='word_1_236' title='bbox 514 2356 671 2386; x_wconf 89' lang='lat' dir='ltr'>sumus</span> <span class='ocrx_word' id='word_1_237' title='bbox 703 2347 813 2386; x_wconf 88' lang='lat' dir='ltr'>add.</span> <span class='ocrx_word' id='word_1_238' title='bbox 839 2348 885 2385; x_wconf 91' lang='lat' dir='ltr'>et</span> <span class='ocrx_word' id='word_1_239' title='bbox 907 2345 945 2385; x_wconf 90' lang='grc' dir='ltr'><em>Β</em></span> <span class='ocrx_word' id='word_1_240' title='bbox 1014 2348 1240 2393; x_wconf 87' lang='lat' dir='ltr'>potestate</span> <span class='ocrx_word' id='word_1_241' title='bbox 1264 2345 1302 2384; x_wconf 88' lang='grc' dir='ltr'><em>Β</em></span> <span class='ocrx_word' id='word_1_242' title='bbox 1374 2343 1701 2393; x_wconf 88' lang='lat' dir='ltr'>praeelectivas</span> <span class='ocrx_word' id='word_1_243' title='bbox 1724 2343 1765 2383; x_wconf 87' lang='lat' dir='ltr'><em>P</em></span> <span class='ocrx_word' id='word_1_244' title='bbox 1793 2352 1922 2391; x_wconf 86' lang='lat' dir='ltr'>prae-</span> 
     </span>
     <span class='ocr_line' id='line_1_30' title="bbox 241 2401 1923 2454; baseline -0.001 -11"><span class='ocrx_word' id='word_1_245' title='bbox 241 2403 468 2445; x_wconf 89' lang='lat' dir='ltr'>electione</span> <span class='ocrx_word' id='word_1_246' title='bbox 493 2405 527 2445; x_wconf 99' lang='lat' dir='ltr'><em>A</em></span> <span class='ocrx_word' id='word_1_247' title='bbox 562 2405 806 2454; x_wconf 87' lang='lat' dir='ltr'>praeelecti</span> <span class='ocrx_word' id='word_1_248' title='bbox 831 2416 967 2454; x_wconf 88' lang='lat' dir='ltr'>quam</span> <span class='ocrx_word' id='word_1_249' title='bbox 995 2403 1033 2446; x_wconf 92' lang='lat' dir='ltr'><em>C</em></span> <span class='ocrx_word' id='word_1_250' title='bbox 1062 2404 1306 2453; x_wconf 88' lang='lat' dir='ltr'>praeelecti</span> <span class='ocrx_word' id='word_1_251' title='bbox 1329 2403 1367 2444; x_wconf 90' lang='lat' dir='ltr'><strong><em>B</em></strong></span> <span class='ocrx_word' id='word_1_252' title='bbox 1459 2402 1572 2442; x_wconf 92' lang='lat'>1—2</span> <span class='ocrx_word' id='word_1_253' title='bbox 1601 2401 1923 2451; x_wconf 82' lang='lat' dir='ltr'>permutabiles</span> 
     </span>
    </p>
   </div>
   <div class='ocr_carea' id='block_1_6' title="bbox 242 2459 1926 2684">
    <p class='ocr_par' dir='ltr' id='par_1_6' title="bbox 242 2459 1863 2512">
     <span class='ocr_line' id='line_1_31' title="bbox 242 2459 1863 2512; baseline 0 -10"><span class='ocrx_word' id='word_1_254' title='bbox 242 2463 465 2504; x_wconf 87' lang='lat' dir='ltr'>habemus</span> <span class='ocrx_word' id='word_1_255' title='bbox 498 2467 545 2505; x_wconf 84' lang='lat' dir='ltr'>et</span> <span class='ocrx_word' id='word_1_256' title='bbox 575 2476 670 2505; x_wconf 91' lang='lat' dir='ltr'>non</span> <span class='ocrx_word' id='word_1_257' title='bbox 702 2476 790 2505; x_wconf 89' lang='lat' dir='ltr'>om.</span> <span class='ocrx_word' id='word_1_258' title='bbox 823 2465 860 2505; x_wconf 88' lang='lat' dir='ltr'><strong><em>B</em></strong></span> <span class='ocrx_word' id='word_1_259' title='bbox 1041 2463 1155 2504; x_wconf 87' lang='lat'>3—4</span> <span class='ocrx_word' id='word_1_260' title='bbox 1196 2464 1332 2504; x_wconf 90' lang='lat' dir='ltr'>deum</span> <span class='ocrx_word' id='word_1_261' title='bbox 1365 2459 1484 2512; x_wconf 89' lang='lat' dir='ltr'>quis]</span> <span class='ocrx_word' id='word_1_262' title='bbox 1518 2462 1628 2511; x_wconf 85' lang='lat' dir='ltr'>quid</span> <span class='ocrx_word' id='word_1_263' title='bbox 1661 2461 1796 2501; x_wconf 89' lang='lat' dir='ltr'>deum</span> <span class='ocrx_word' id='word_1_264' title='bbox 1827 2460 1863 2502; x_wconf 85' lang='grc' dir='ltr'><em>Α</em></span> 
     </span>
    </p>

    <p class='ocr_par' dir='ltr' id='par_1_7' title="bbox 242 2518 1926 2633">
     <span class='ocr_line' id='line_1_32' title="bbox 242 2518 1925 2574; baseline -0.002 -10"><span class='ocrx_word' id='word_1_265' title='bbox 242 2522 268 2560; x_wconf 89' lang='grc'><strong>9</strong></span> <span class='ocrx_word' id='word_1_266' title='bbox 298 2526 411 2572; x_wconf 81' lang='lat' dir='ltr'>post</span> <span class='ocrx_word' id='word_1_267' title='bbox 440 2525 804 2574; x_wconf 87' lang='lat' dir='ltr'>unumquodque</span> <span class='ocrx_word' id='word_1_268' title='bbox 836 2525 880 2564; x_wconf 91' lang='lat' dir='ltr'>d.</span> <span class='ocrx_word' id='word_1_269' title='bbox 900 2525 928 2564; x_wconf 84' lang='grc' dir='ltr'>ι’.</span> <span class='ocrx_word' id='word_1_270' title='bbox 947 2535 986 2563; x_wconf 87' lang='grc' dir='ltr'>υ.</span> <span class='ocrx_word' id='word_1_271' title='bbox 1020 2519 1087 2561; x_wconf 85' lang='grc' dir='ltr'>ὧν</span> <span class='ocrx_word' id='word_1_272' title='bbox 1110 2521 1335 2570; x_wconf 83' lang='grc' dir='ltr'>ποιοῦμεν</span> <span class='ocrx_word' id='word_1_273' title='bbox 1458 2520 1511 2560; x_wconf 93' lang='grc'>10</span> <span class='ocrx_word' id='word_1_274' title='bbox 1543 2523 1694 2560; x_wconf 87' lang='lat' dir='ltr'>autem</span> <span class='ocrx_word' id='word_1_275' title='bbox 1727 2531 1816 2560; x_wconf 90' lang='lat' dir='ltr'>om.</span> <span class='ocrx_word' id='word_1_276' title='bbox 1843 2518 1925 2561; x_wconf 87' lang='lat' dir='ltr'>CB</span> 
     </span>
     <span class='ocr_line' id='line_1_33' title="bbox 304 2579 1926 2633; baseline -0.002 -11"><span class='ocrx_word' id='word_1_277' title='bbox 304 2583 353 2622; x_wconf 91' lang='lat'>11</span> <span class='ocrx_word' id='word_1_278' title='bbox 386 2586 500 2633; x_wconf 81' lang='lat' dir='ltr'>post</span> <span class='ocrx_word' id='word_1_279' title='bbox 530 2587 600 2624; x_wconf 91' lang='lat' dir='ltr'>est</span> <span class='ocrx_word' id='word_1_280' title='bbox 631 2585 741 2624; x_wconf 88' lang='lat' dir='ltr'>add.</span> <span class='ocrx_word' id='word_1_281' title='bbox 774 2586 820 2623; x_wconf 88' lang='lat' dir='ltr'>et</span> <span class='ocrx_word' id='word_1_282' title='bbox 850 2582 936 2624; x_wconf 91' lang='lat' dir='ltr'>AC</span> <span class='ocrx_word' id='word_1_283' title='bbox 1085 2581 1139 2622; x_wconf 91' lang='grc'>14</span> <span class='ocrx_word' id='word_1_284' title='bbox 1171 2582 1354 2622; x_wconf 87' lang='lat' dir='ltr'>habitus</span> <span class='ocrx_word' id='word_1_285' title='bbox 1385 2583 1456 2621; x_wconf 89' lang='lat' dir='ltr'>est</span> <span class='ocrx_word' id='word_1_286' title='bbox 1487 2581 1667 2629; x_wconf 79' lang='lat' dir='ltr'>transp.</span> <span class='ocrx_word' id='word_1_287' title='bbox 1699 2579 1737 2619; x_wconf 89' lang='grc' dir='ltr'><em>Β</em></span> <span class='ocrx_word' id='word_1_288' title='bbox 1856 2581 1926 2619; x_wconf 87' lang='lat' dir='ltr'>est</span> 
     </span>
    </p>

    <p class='ocr_par' dir='ltr' id='par_1_8' title="bbox 244 2637 1867 2684">
     <span class='ocr_line' id='line_1_34' title="bbox 244 2637 1867 2684; baseline -0.004 -1"><span class='ocrx_word' id='word_1_289' title='bbox 244 2655 332 2684; x_wconf 89' lang='lat' dir='ltr'>om.</span> <span class='ocrx_word' id='word_1_290' title='bbox 365 2643 400 2683; x_wconf 93' lang='lat' dir='ltr'><em>A</em></span> <span class='ocrx_word' id='word_1_291' title='bbox 607 2643 660 2683; x_wconf 92' lang='grc'>15</span> <span class='ocrx_word' id='word_1_292' title='bbox 691 2642 764 2684; x_wconf 90' lang='lat' dir='ltr'>vel</span> <span class='ocrx_word' id='word_1_293' title='bbox 797 2655 886 2684; x_wconf 91' lang='lat' dir='ltr'>om.</span> <span class='ocrx_word' id='word_1_294' title='bbox 918 2642 956 2683; x_wconf 90' lang='grc' dir='ltr'><em>Β</em></span> <span class='ocrx_word' id='word_1_295' title='bbox 1153 2640 1206 2681; x_wconf 90' lang='grc'>16</span> <span class='ocrx_word' id='word_1_296' title='bbox 1238 2640 1407 2681; x_wconf 91' lang='lat' dir='ltr'>etenim</span> <span class='ocrx_word' id='word_1_297' title='bbox 1439 2638 1485 2678; x_wconf 89' lang='lat' dir='ltr'>M</span> <span class='ocrx_word' id='word_1_298' title='bbox 1517 2641 1562 2679; x_wconf 87' lang='lat' dir='ltr'>et</span> <span class='ocrx_word' id='word_1_299' title='bbox 1595 2670 1604 2678; x_wconf 92' lang='lat'><strong><em>.</em></strong></span> <span class='ocrx_word' id='word_1_300' title='bbox 1633 2669 1642 2678; x_wconf 89' lang='lat'><strong>.</strong></span> <span class='ocrx_word' id='word_1_301' title='bbox 1675 2638 1797 2679; x_wconf 91' lang='lat' dir='ltr'>enim</span> <span class='ocrx_word' id='word_1_302' title='bbox 1828 2637 1867 2678; x_wconf 89' lang='lat' dir='ltr'><strong><em>B</em></strong></span> 
     </span>
    </p>
   </div>
   <div class='ocr_carea' id='block_1_7' title="bbox 243 2695 1926 2989">
    <p class='ocr_par' dir='ltr' id='par_1_9' title="bbox 246 2695 1923 2755">
     <span class='ocr_line' id='line_1_35' title="bbox 246 2695 1923 2755; baseline -0.003 -13"><span class='ocrx_word' id='word_1_303' title='bbox 246 2702 299 2742; x_wconf 90' lang='grc'>17</span> <span class='ocrx_word' id='word_1_304' title='bbox 332 2705 403 2742; x_wconf 90' lang='lat' dir='ltr'>est</span> <span class='ocrx_word' id='word_1_305' title='bbox 414 2695 467 2755; x_wconf 70' lang='lat' dir='ltr'>sss</span> <span class='ocrx_word' id='word_1_306' title='bbox 482 2702 664 2743; x_wconf 87' lang='lat' dir='ltr'>habitus</span> <span class='ocrx_word' id='word_1_307' title='bbox 698 2698 778 2752; x_wconf 74' lang='lat' dir='ltr'>(ga</span> <span class='ocrx_word' id='word_1_308' title='bbox 809 2703 897 2743; x_wconf 82' lang='lat' dir='ltr'>aut</span> <span class='ocrx_word' id='word_1_309' title='bbox 926 2696 1014 2752; x_wconf 63' lang='grc' dir='ltr'>εἴτε</span> <span class='ocrx_word' id='word_1_310' title='bbox 1047 2712 1166 2742; x_wconf 83' lang='lat' dir='ltr'>eras.</span> <span class='ocrx_word' id='word_1_311' title='bbox 1200 2701 1307 2748; x_wconf 70' lang='lat' dir='ltr'>vid„</span> <span class='ocrx_word' id='word_1_312' title='bbox 1347 2709 1493 2748; x_wconf 78' lang='lat' dir='ltr'>supra</span> <span class='ocrx_word' id='word_1_313' title='bbox 1525 2698 1630 2738; x_wconf 88' lang='lat' dir='ltr'>hab.</span> <span class='ocrx_word' id='word_1_314' title='bbox 1663 2708 1750 2738; x_wconf 83' lang='lat' dir='ltr'>scr.</span> <span class='ocrx_word' id='word_1_315' title='bbox 1782 2707 1923 2747; x_wconf 81' lang='lat' dir='ltr'>gene-</span> 
     </span>
    </p>

    <p class='ocr_par' dir='ltr' id='par_1_10' title="bbox 243 2752 1923 2812">
     <span class='ocr_line' id='line_1_36' title="bbox 243 2752 1923 2812; baseline -0.004 -11"><span class='ocrx_word' id='word_1_316' title='bbox 243 2762 336 2802; x_wconf 83' lang='lat' dir='ltr'>tivo</span> <span class='ocrx_word' id='word_1_317' title='bbox 369 2773 427 2802; x_wconf 89' lang='lat' dir='ltr'>m.</span> <span class='ocrx_word' id='word_1_318' title='bbox 451 2759 495 2810; x_wconf 88' lang='lat'>3)</span> <span class='ocrx_word' id='word_1_319' title='bbox 521 2762 560 2801; x_wconf 92' lang='grc' dir='ltr'><em>Ρ</em></span> <span class='ocrx_word' id='word_1_320' title='bbox 630 2763 707 2812; x_wconf 87' lang='lat' dir='ltr'>qui</span> <span class='ocrx_word' id='word_1_321' title='bbox 741 2764 811 2802; x_wconf 89' lang='lat' dir='ltr'>est</span> <span class='ocrx_word' id='word_1_322' title='bbox 843 2773 930 2802; x_wconf 93' lang='lat' dir='ltr'>om.</span> <span class='ocrx_word' id='word_1_323' title='bbox 955 2755 1015 2802; x_wconf 89' lang='lat' dir='ltr'>A¹</span> <span class='ocrx_word' id='word_1_324' title='bbox 1047 2761 1200 2810; x_wconf 82' lang='lat' dir='ltr'>suppl.</span> <span class='ocrx_word' id='word_1_325' title='bbox 1225 2752 1285 2800; x_wconf 80' lang='grc' dir='ltr'>Α2</span> <span class='ocrx_word' id='word_1_326' title='bbox 1317 2757 1443 2808; x_wconf 90' lang='lat' dir='ltr'>quod</span> <span class='ocrx_word' id='word_1_327' title='bbox 1473 2760 1543 2797; x_wconf 89' lang='lat' dir='ltr'>est</span> <span class='ocrx_word' id='word_1_328' title='bbox 1566 2757 1603 2797; x_wconf 89' lang='lat' dir='ltr'><em>B</em></span> <span class='ocrx_word' id='word_1_329' title='bbox 1711 2755 1764 2796; x_wconf 91' lang='lat'>18</span> <span class='ocrx_word' id='word_1_330' title='bbox 1796 2756 1923 2795; x_wconf 86' lang='lat' dir='ltr'>luxu-</span> 
     </span>
    </p>

    <p class='ocr_par' dir='ltr' id='par_1_11' title="bbox 244 2815 1926 2861">
     <span class='ocr_line' id='line_1_37' title="bbox 244 2815 1926 2861; baseline -0.004 -1"><span class='ocrx_word' id='word_1_331' title='bbox 244 2821 345 2860; x_wconf 83' lang='lat' dir='ltr'>riari</span> <span class='ocrx_word' id='word_1_332' title='bbox 376 2824 527 2861; x_wconf 86' lang='lat' dir='ltr'>autem</span> <span class='ocrx_word' id='word_1_333' title='bbox 561 2821 607 2861; x_wconf 92' lang='lat' dir='ltr'>M</span> <span class='ocrx_word' id='word_1_334' title='bbox 646 2825 692 2861; x_wconf 90' lang='lat' dir='ltr'>et</span> <span class='ocrx_word' id='word_1_335' title='bbox 722 2820 933 2861; x_wconf 86' lang='lat' dir='ltr'>luxuriari</span> <span class='ocrx_word' id='word_1_336' title='bbox 964 2821 1002 2861; x_wconf 89' lang='grc' dir='ltr'><em>Β</em></span> <span class='ocrx_word' id='word_1_337' title='bbox 1152 2818 1202 2858; x_wconf 87' lang='lat'>21</span> <span class='ocrx_word' id='word_1_338' title='bbox 1238 2820 1333 2858; x_wconf 89' lang='lat' dir='ltr'>erat</span> <span class='ocrx_word' id='word_1_339' title='bbox 1359 2817 1398 2856; x_wconf 87' lang='lat' dir='ltr'><em>P</em></span> <span class='ocrx_word' id='word_1_340' title='bbox 1434 2819 1529 2856; x_wconf 89' lang='lat' dir='ltr'>erat</span> <span class='ocrx_word' id='word_1_341' title='bbox 1560 2819 1605 2856; x_wconf 87' lang='lat' dir='ltr'>et</span> <span class='ocrx_word' id='word_1_342' title='bbox 1628 2815 1663 2856; x_wconf 93' lang='lat' dir='ltr'><em>A</em></span> <span class='ocrx_word' id='word_1_343' title='bbox 1703 2817 1851 2856; x_wconf 82' lang='lat' dir='ltr'>exstat</span> <span class='ocrx_word' id='word_1_344' title='bbox 1880 2816 1926 2854; x_wconf 80' lang='lat' dir='ltr'>et</span> 
     </span>
    </p>

    <p class='ocr_par' dir='ltr' id='par_1_12' title="bbox 247 2872 1926 2989">
     <span class='ocr_line' id='line_1_38' title="bbox 247 2872 1926 2925; baseline -0.006 -2"><span class='ocrx_word' id='word_1_345' title='bbox 247 2880 328 2923; x_wconf 86' lang='lat' dir='ltr'>CB</span> <span class='ocrx_word' id='word_1_346' title='bbox 448 2881 504 2920; x_wconf 85' lang='lat'>22</span> <span class='ocrx_word' id='word_1_347' title='bbox 537 2875 656 2922; x_wconf 87' lang='lat' dir='ltr'>non¹</span> <span class='ocrx_word' id='word_1_348' title='bbox 683 2892 772 2921; x_wconf 90' lang='lat' dir='ltr'>om.</span> <span class='ocrx_word' id='word_1_349' title='bbox 796 2880 853 2920; x_wconf 90' lang='lat' dir='ltr'>D·</span> <span class='ocrx_word' id='word_1_350' title='bbox 959 2879 1015 2919; x_wconf 84' lang='lat'>24</span> <span class='ocrx_word' id='word_1_351' title='bbox 1047 2878 1239 2919; x_wconf 79' lang='lat' dir='ltr'>effectus</span> <span class='ocrx_word' id='word_1_352' title='bbox 1271 2879 1341 2917; x_wconf 89' lang='lat' dir='ltr'>est</span> <span class='ocrx_word' id='word_1_353' title='bbox 1372 2878 1552 2925; x_wconf 70' lang='lat' dir='ltr'>transl).</span> <span class='ocrx_word' id='word_1_354' title='bbox 1577 2875 1612 2916; x_wconf 87' lang='lat' dir='ltr'><em>A</em></span> <span class='ocrx_word' id='word_1_355' title='bbox 1683 2885 1711 2914; x_wconf 84' lang='lat' dir='ltr'>a</span> <span class='ocrx_word' id='word_1_356' title='bbox 1740 2873 1787 2914; x_wconf 90' lang='lat' dir='ltr'>M</span> <span class='ocrx_word' id='word_1_357' title='bbox 1818 2873 1866 2913; x_wconf 82' lang='lat' dir='ltr'>in</span> <span class='ocrx_word' id='word_1_358' title='bbox 1887 2872 1926 2914; x_wconf 88' lang='grc' dir='ltr'><em>Β</em></span> 
     </span>
     <span class='ocr_line' id='line_1_39' title="bbox 321 2934 1588 2989; baseline -0.004 -10"><span class='ocrx_word' id='word_1_359' title='bbox 321 2938 376 2979; x_wconf 89' lang='grc'>25</span> <span class='ocrx_word' id='word_1_360' title='bbox 408 2939 456 2980; x_wconf 84' lang='lat' dir='ltr'>ln</span> <span class='ocrx_word' id='word_1_361' title='bbox 486 2937 593 2980; x_wconf 87' lang='lat' dir='ltr'>M&#39;a</span> <span class='ocrx_word' id='word_1_362' title='bbox 623 2941 661 2980; x_wconf 89' lang='lat' dir='ltr'><em>B</em></span> <span class='ocrx_word' id='word_1_363' title='bbox 781 2938 837 2980; x_wconf 87' lang='lat'>26</span> <span class='ocrx_word' id='word_1_364' title='bbox 869 2938 1101 2989; x_wconf 83' lang='lat' dir='ltr'>acquirere</span> <span class='ocrx_word' id='word_1_365' title='bbox 1133 2939 1179 2978; x_wconf 90' lang='lat' dir='ltr'>et</span> <span class='ocrx_word' id='word_1_366' title='bbox 1210 2946 1290 2986; x_wconf 88' lang='lat' dir='ltr'>per</span> <span class='ocrx_word' id='word_1_367' title='bbox 1320 2934 1518 2975; x_wconf 88' lang='lat' dir='ltr'>studium</span> <span class='ocrx_word' id='word_1_368' title='bbox 1549 2934 1588 2975; x_wconf 91' lang='grc' dir='ltr'><em>Β</em></span> 
     </span>
    </p>
   </div>
  </div>
 </body>
</html>
