1982 3172
219 108 318 158 132
579 101 836 148 NEMEsn
870 99 1183 148 PREMNON
1219 100 1542 150 PHYSICON
1610 146 1614 149 r

213 242 411 292 bilibus
453 248 652 293 rectam
698 244 978 293 rationem.
1041 242 1102 292 Et
1141 250 1341 293 vocant
1382 244 1737 296 theoreticum
1779 247 1894 309 qui-

212 313 337 363 dem
395 313 749 370 intelle-ctum,
796 314 1095 375 practicum
1138 327 1272 364 vero
1318 316 1609 373 rationem;
1653 322 1708 367 et
1751 315 1887 366 illud

153 397 176 435 5
211 386 433 448 quidem
467 388 811 450 sapientiam,
846 387 953 437 hoc
985 401 1118 438 vero
1157 387 1519 450 prudentiam.
1566 389 1759 440 Omnis
1793 404 1889 440 au-

210 469 318 511 tem
376 460 693 511 consiliator
749 461 902 512 velut
942 463 997 511 in
1039 463 1163 524 ipso
1205 461 1471 513 electione
1512 464 1778 515 existente
1819 465 1887 515 de

208 535 583 597 operabilibus
622 535 956 593 consiliatur,
997 543 1057 587 ut
1095 536 1244 599 quod
1285 537 1534 598 procedit
1571 552 1605 588 a
1642 539 1886 597 consili0,

150 619 175 657 δ
208 609 376 671 eligat
407 616 459 660 et
494 609 705 672 eligens
739 617 883 672 agat.
930 610 1168 660 Omnino
1203 612 1370 673 igitur
1404 618 1486 663 est
1516 614 1885 663 necessarium

209 684 499 734 habentem
531 684 807 734 consiliari
842 685 1126 735 dominum
1161 700 1380 748 quoque
1412 701 1535 737 esse
1566 694 1801 738 actuum,
1831 687 1886 738 Si

207 758 351 807 enim
395 772 505 808 non
552 764 697 809 esset
743 758 1001 809 dominus
1047 766 1284 818 actuum,
1331 760 1618 822 superfluo
1661 761 1886 812 haberet

208 831 499 881 consiliari.
568 831 624 883 Si
684 839 867 883 autem
913 833 1190 883 consiliari
1233 834 1407 892 adest,
1451 848 1518 885 ex
1561 836 1886 886 necessitate

207 908 346 956 inest
378 906 631 957 rationali
667 907 898 957 liberum
932 908 1232 959 arbitrium.
1275 908 1388 959 Aut
1421 910 1565 959 enim
1598 923 1709 959 non
1740 916 1885 960 esset
1915 924 1957 959 ιο

206 980 488 1039 rationale,
511 989 605 1032 aut
634 982 900 1032 rationale
928 983 1169 1032 existens
1199 983 1483 1032 dominum
1510 984 1612 1033 erit
1638 989 1883 1040 actuum;

205 1055 488 1104 dominum
533 1069 665 1105 vero
712 1057 953 1106 existens
998 1063 1218 1107 actuum
1265 1071 1425 1107 omne
1470 1057 1738 1108 rationale
1781 1059 1883 1109 erit

117 1137 123 1143 ’
203 1130 433 1179 liberum
471 1130 712 1180 arbitrio,
764 1129 1062 1180 Ostensum
1101 1137 1184 1181 est
1223 1137 1422 1189 autem,
1463 1131 1611 1194 quod
1651 1145 1719 1181 ex
1755 1132 1881 1181 sub-

147 1212 169 1250 7
205 1205 343 1254 iecta
381 1205 610 1254 materia
653 1203 800 1255 facta
841 1204 1228 1266 permutabilia
1270 1206 1391 1255 sint.
1519 1204 1598 1254 Ex
1639 1206 1882 1267 utrisque

202 1291 334 1340 ergo
376 1277 651 1340 colligitur
692 1278 971 1328 hominem
1013 1293 1079 1328 ex
1121 1280 1447 1330 necessitate
1486 1293 1610 1329 esse
1651 1279 1880 1329 liberum
1911 1294 1953 1328 15

202 1352 427 1402 arbitrio
458 1359 512 1403 et
547 1352 992 1415 permutabilem:
1027 1353 1446 1414 permutabilem
1482 1353 1719 1415 quidem,
1755 1354 1883 1416 quia

144 1437 170 1476 8
203 1426 407 1483 factus;
432 1426 663 1476 liberum
692 1440 825 1476 vero
854 1427 1095 1485 arbitriO,
1127 1428 1255 1489 quia
1283 1427 1584 1478 rationaliS.
1624 1426 1881 1483 Quicum-

202 1514 305 1563 que
337 1502 503 1563 igitur
539 1507 799 1551 accusant
834 1501 1014 1558 deum,
1051 1502 1200 1563 quod
1234 1502 1514 1552 hominem
1546 1515 1658 1552 non
1690 1501 1879 1553 fecerit

200 1574 442 1625 malitiae
479 1575 869 1637 susceptivum,
911 1575 1008 1625 sed
1048 1575 1278 1625 liberum
1317 1575 1558 1633 arbitriO,
1598 1575 1878 1640 decipiunt

200 1651 258 1699 se
282 1650 436 1712 ipsos
467 1655 790 1699 accusantes
821 1649 1000 1707 deum,
1033 1649 1182 1711 quod
1212 1649 1536 1700 rationalem
1566 1649 1755 1700 fecerit
1779 1649 1876 1700 ho·
1903 1664 1948 1699 ω
1978 1649 1981 1651 ’

199 1725 399 1773 minem
424 1729 477 1773 et
505 1737 614 1773 non
644 1723 1030 1774 irrationalem.
1072 1723 1309 1774 Necesse
1336 1725 1482 1773 enim
1509 1730 1625 1774 erat
1648 1737 1716 1779 ex
1741 1723 1876 1774 duo-

199 1798 301 1847 bus
325 1797 574 1855 alterum,
603 1803 698 1848 a-ut
725 1797 1097 1865 irrationalem
1128 1797 1246 1849 fieri
1293 1804 1390 1848 aut
1417 1797 1741 1848 rationalem
1763 1798 1876 1847 exi-

199 1878 431 1922 stentem
457 1878 510 1922 et
541 1873 682 1921 circa
711 1872 1014 1934 operabilia
1045 1872 1464 1933 permutabilem
1495 1871 1725 1922 liberum
1754 1885 1876 1926 esse

140 1956 165 1994 9
197 1946 438 1996 arbitrio.
479 1945 557 1995 Ex
589 1946 917 1996 necessitate
950 1947 1115 2008 igitur
1150 1947 1329 1996 omnis
1363 1952 1565 1996 natura·
1591 1945 1875 1996 rationalis

198 2019 351 2070 liberi
373 2027 457 2071 est
482 2021 690 2071 arbitrii
705 2028 757 2072 et
772 2021 1153 2082 permutabilis
1169 2021 1471 2072 secundum
1488 2022 1766 2083 propriam
1781 2035 1875 2071 na·
1900 2035 1946 2069 z

112 2102 165 2143 10
197 2101 392 2144 turam.
427 2093 536 2144 Sed
568 2108 707 2156 quae
738 2099 864 2144 sunt
894 2093 1072 2144 factae
1103 2107 1170 2144 ex
1200 2095 1445 2145 subiecta
1469 2094 1712 2152 materia,
1739 2093 1875 2144 duo-

198 2170 299 2218 bus
323 2167 506 2218 modis
534 2168 739 2218 habent
767 2168 1145 2231 permutabile,
1177 2168 1478 2219 secundum
1508 2169 1793 2219 materiam
1820 2174 1875 2218 et

273 2334 291 2373 1
329 2335 580 2374 theoricum
612 2334 646 2374 A
680 2335 994 2374 theorieticum
1027 2335 1064 2374 Β
1148 2334 1333 2383 quidam
1366 2332 1408 2373 A
1543 2332 1570 2372 3
1603 2333 1690 2372 hoc
1721 2333 1875 2382 dupli-

195 2395 274 2433 cat
303 2394 338 2434 A
484 2394 509 2433 5
543 2393 805 2442 operalibus
837 2393 876 2434 Ρ
906 2394 1122 2442 operibus
1156 2392 1237 2434 CB
1328 2396 1375 2433 ut
1406 2392 1452 2432 M
1483 2395 1528 2432 et
1558 2392 1596 2431 Β
1736 2391 1764 2430 6
1795 2391 1878 2430 eli-

195 2453 259 2501 git
290 2453 328 2492 Β
448 2456 554 2502 agat
585 2452 631 2492 M
670 2462 743 2492 arr
772 2453 810 2492 Β
930 2453 1190 2492 necessaria
1224 2451 1260 2493 C
1422 2451 1535 2491 6-7
1567 2451 1874 2490 necessarium

196 2512 427 2552 hominem
461 2512 690 2552 consiliari
723 2512 968 2552 habentem
1002 2512 1237 2552 dominum
1265 2512 1299 2552 A
1424 2510 1447 2550 7
1481 2519 1666 2559 quoque
1698 2509 1744 2549 M
1776 2510 1874 2558 qui-

195 2571 299 2610 dem
330 2571 368 2611 Β
487 2571 514 2611 8
547 2571 668 2611 enim
702 2582 797 2611 non
830 2573 1011 2621 ΐναηερ.
1043 2572 1077 2612 Α
1201 2570 1227 2610 9
1259 2574 1409 2610 autem
1442 2581 1531 2609 om.
1562 2569 1600 2608 Β
1722 2567 1775 2607 10
1806 2579 1874 2608 ra-.

196 2630 366 2670 tionale
399 2626 461 2679 (al
493 2631 647 2681 suppl.
679 2642 737 2671 m.
771 2627 891 2680 rub.)
927 2629 963 2671 C
1151 2630 1199 2670 11
1237 2629 1450 2670 dominus
1481 2627 1522 2667 D
1704 2627 1758 2666 12
1786 2638 1876 2677 pro

196 2700 333 2728 omne
373 2692 570 2739 exspect.
611 2690 801 2729 omnino
834 2685 1060 2739 (πάντως)
1181 2686 1279 2737 erit]
1314 2691 1391 2728 aut
1420 2685 1504 2728 AC
1684 2685 1738 2726 13
1769 2686 1875 2726 sub-'

195 2749 361 2787 stantia
391 2748 428 2788 Β
568 2749 619 2788 15
652 2759 785 2788 esse*
820 2745 867 2797 (τ
898 2746 1038 2798 eras.)
1071 2749 1111 2789 P
1231 2747 1285 2787 16
1318 2738 1688 2796 permutabilem²
1718 2756 1807 2785 om.
1838 2745 1873 2785 A

258 2807 308 2846 17
343 2805 433 2853 Qui
463 2808 499 2848 A
594 2807 647 2846 18
679 2811 900 2847 excusant
930 2803 1039 2848 P¹D
1071 2819 1189 2848 corr.
1220 2800 1281 2847 Ρ*
1381 2805 1437 2845 24
1468 2804 1749 2845 rationabilis
1782 2802 1820 2845 C

196 2865 249 2904 25
284 2869 353 2905 est
384 2877 473 2907 om.
505 2867 558 2907 A.
704 2865 759 2910 26
792 2870 897 2906 sunt
929 2878 985 2907 ex
1017 2867 1133 2907 subi.
1169 2869 1271 2906 mat.
1305 2865 1450 2904 factae
1485 2861 1550 2911 (h.
1584 2861 1647 2912 o.)
1677 2863 1712 2903 A
1757 2862 1875 2902 facta

195 2930 299 2963 sunt
332 2936 388 2964 ex
421 2926 645 2965 subi.mat.
679 2925 716 2964 Β
838 2925 890 2965 251
925 2926 1166 2976 permutari
1198 2925 1231 2965 A
