1982 3172
183 83 268 128 ΑΒ
303 80 567 128 ALFANO
603 81 667 126 IN
702 79 991 125 LATINUM
1027 78 1464 125 TRANSLATUM
1503 78 1683 124 CAR!
1752 87 1785 134 9

93 229 205 272 turn
243 219 546 282 possident.
594 218 900 281 Spongiam
937 218 1104 280 igitur
1139 223 1192 268 et
1229 231 1368 279 quae
1404 218 1457 266 in
1492 218 1661 278 petris
1698 218 1774 266 in·
1820 234 1871 273 17

92 299 390 346 nascuntur
428 300 482 344 et
521 292 745 344 extendi
785 298 838 343 et
877 292 1094 349 attrahi,
1136 305 1258 342 curn
1300 292 1570 342 senserint
1605 291 1773 352 adve-

91 370 205 419 nire
265 368 521 431 aliquem,
582 366 1019 418 Aristoteles
1081 372 1281 417 narrat.
1341 365 1582 428 Ideoque
1640 365 1775 415 haec

90 444 274 494 omnia
329 443 540 505 antiqui
594 442 1054 505 philosophorum
1114 446 1521 491 consueverunt
1576 454 1776 491 vocare

44 526 68 560 ⁵
89 517 383 582 zoophyta.
429 516 740 579 Iterumque
775 517 959 579 pinnis
991 522 1045 566 et
1078 515 1201 566 aliis
1235 515 1555 566 huiusmodi
1591 516 1773 577 proxi·
1819 526 1871 566 18

88 593 260 642 mavit
287 591 575 642 mobilium
606 590 928 641 animalium
957 604 1149 653 genus,
1181 589 1278 640 sed
1310 589 1532 652 longius
1562 591 1638 640 ire
1661 603 1771 639 non

87 666 405 723 valentium,
448 666 590 716 circa
631 664 868 715 eundem
910 678 1044 716 vero
1086 664 1268 716 locum
1313 678 1370 715 se
1411 665 1770 721 moventium,

89 740 273 803 qualia
303 747 431 791 sunt
462 739 699 802 plurima
727 753 935 797 eorum,
968 753 1110 802 quae
1141 739 1398 790 dicuntur
1427 739 1772 789 ostracoder-

89 821 236 866 mata
279 822 331 866 et
376 828 592 865 vermes
638 815 852 864 terreni.
909 813 1122 864 Deinde
1168 814 1435 875 paulatim
1481 827 1771 876 apponens
1817 823 1871 863 19

22 901 66 935 10
87 889 210 940 aliis
254 889 477 952 quidem
525 888 651 951 plus
697 888 1093 946 sensibilitatis,
1139 887 1263 938 aliis
1309 902 1441 938 vero
1488 888 1614 950 plus
1655 902 1771 938 mo-

87 963 313 1014 bilitatis
357 963 428 1013 ad
477 962 807 1026 perfectiora
854 963 1104 1025 pervenit
1149 962 1610 1013 irrationabilium
1657 965 1771 1012 ani-

85 1037 326 1088 malium.
370 1037 507 1088 Dico
535 1043 718 1089 autem
753 1038 1083 1101 perfectiora
1114 1051 1308 1088 omnes
1341 1051 1538 1088 sensus
1569 1037 1773 1088 haben-

85 1113 160 1164 tia
207 1112 538 1175 longiusque
585 1113 662 1162 ire
709 1112 967 1163 valentia.
1073 1112 1383 1175 Iterumque
1432 1126 1769 1175 promovens
1812 1122 1869 1162 20

85 1186 154 1237 ab
187 1187 656 1238 irrationabilibus
689 1187 759 1237 ad
794 1187 1064 1238 rationale
1096 1187 1318 1245 animal,
1351 1188 1646 1245 hominem,
1679 1201 1770 1237 ne-

20 1273 63 1307 15
86 1277 191 1326 que
230 1263 335 1313 hoc
374 1269 598 1325 repente
639 1262 902 1320 condidit,
944 1262 1040 1312 sed
1083 1262 1236 1324 prius
1275 1262 1399 1311 aliis
1434 1261 1768 1312 animalibus

85 1337 364 1388 naturales
401 1337 671 1399 quasdam
708 1337 935 1387 notitias
970 1343 1024 1387 et
1059 1337 1281 1399 ingenia
1317 1337 1662 1398 astutiasque
1697 1337 1766 1386 ad

86 1412 449 1463 salvationem
490 1411 704 1469 indidit,
743 1417 803 1462 ut
842 1412 1156 1474 propinqua
1195 1410 1607 1462 rationabilium
1649 1412 1770 1473 ipsa

84 1493 428 1549 apparerent,
468 1493 522 1536 et
564 1487 643 1536 sic
683 1486 888 1536 creavit
928 1486 1225 1543 hominem,
1267 1478 1459 1535 verum
1503 1485 1772 1535 rationale

82 1561 301 1611 animal.
343 1560 462 1611 Hoc
491 1562 655 1611 etiam
687 1561 857 1611 modo
888 1567 941 1611 et
972 1561 1025 1610 in
1055 1574 1192 1611 voce
1218 1574 1489 1623 quaerens
1519 1561 1768 1610 invenies
1810 1569 1861 1609 21

16 1643 60 1678 20
81 1649 149 1685 ex
181 1635 415 1698 simplici
449 1642 502 1686 et
533 1635 796 1686 uniformi
830 1649 1098 1698 equorum
1131 1641 1185 1686 et
1217 1636 1384 1686 boum
1412 1635 1767 1685 exclamatio-

83 1723 222 1760 nem.
270 1710 541 1760 Paulatim
578 1723 712 1760 vero
748 1711 1019 1761 variatam
1057 1724 1122 1760 ac
1157 1710 1435 1760 diversam
1474 1723 1765 1760 corvorum

82 1790 134 1834 et
165 1784 571 1835 modulantium
599 1786 785 1835 avium
817 1798 1000 1842 voces,
1033 1785 1210 1835 donec
1239 1785 1310 1834 ad
1342 1784 1688 1835 articulatam
1718 1791 1769 1835 et

83 1858 382 1920 perfectam
427 1859 667 1910 hominis
713 1859 993 1910 devenias,
1050 1859 1248 1922 Sicque
1293 1859 1640 1910 articulatam
1688 1859 1766 1909 lo-
1807 1868 1863 1908 22

83 1933 358 1983 cntionem
405 1933 657 1984 adhibuit
704 1935 934 1984 notitiae
981 1940 1035 1984 et
1082 1935 1296 1992 rationi,
1344 1936 1594 1984 nuntiam
1642 1948 1763 1984 eam

16 2006 290 2057 zsfaciens
331 2008 638 2058 motionum
679 2008 1005 2059 intellectus.
1056 2008 1121 2059 Et
1161 2010 1240 2059 sic
1278 1998 1543 2059 omnibus'
1578 2010 1763 2059 omnia
1807 2017 1862 2058 23

82 2081 480 2131 concordanter
515 2083 794 2144 coaptavit
828 2083 1223 2146 colligavitque
1256 2089 1310 2134 et
1344 2085 1397 2132 in
1433 2098 1604 2133 unum
1639 2097 1765 2134 con-

157 2201 175 2240 1
214 2200 526 2251 innascuntur]
554 2206 802 2244 nascuntur
824 2204 857 2244 A
923 2204 949 2244 2
982 2205 1143 2244 attrahi
1168 2204 1256 2246 AC
1285 2205 1461 2244 adtrahi
1486 2204 1523 2244 Β
1554 2205 1697 2244 adtrai
1723 2205 1771 2251 Ρ,

80 2263 237 2302 malim
272 2262 478 2302 contrahi
512 2258 600 2312 (39
621 2262 683 2303 Va
700 2262 769 2311 El,
795 2259 1124 2315 (υετέλλεεθαι)
1187 2274 1288 2304 cum
1324 2264 1551 2304 senserint
1583 2263 1629 2303 M
1661 2274 1771 2303 con-

79 2324 265 2361 suerunt
297 2323 344 2361 et
369 2323 414 2361 in
442 2333 591 2372 marg.
619 2334 676 2362 m.
705 2327 723 2361 l
749 2323 824 2362 vel
848 2333 951 2363 cum
977 2324 1206 2364 senserint
1229 2323 1267 2364 Β
1328 2323 1355 2362 4
1388 2324 1711 2364 consueverint
1738 2322 1776 2362 C

80 2385 357 2420 consuerunt
381 2381 418 2420 Β
480 2382 505 2420 5
539 2382 697 2421 iterum
726 2379 772 2431 (ᾇ
791 2379 855 2431 =)
881 2392 1002 2432 quae
1026 2383 1065 2423 Ρ
1124 2386 1169 2423 et
1201 2394 1290 2423 om.
1316 2383 1354 2423 Β
1414 2384 1441 2422 6
1475 2380 1554 2431 ire]
1586 2383 1712 2423 abire
1736 2382 1768 2422 A

140 2441 163 2479 7
189 2441 327 2481 eund.
349 2443 462 2492 post
486 2442 572 2481 loc.
595 2453 707 2491 pon.
735 2441 815 2482 CB
877 2441 904 2481 9
927 2443 1067 2483 vermi
1094 2444 1256 2483 terreni
1282 2443 1319 2482 Β
1365 2447 1509 2482 terrae
1532 2452 1711 2483 vermes
1736 2443 1769 2482 A

141 2499 194 2539 10
226 2500 412 2550 quidem
446 2500 491 2540 M
526 2511 646 2550 quae
679 2501 716 2540 Β
775 2511 884 2541 vero
917 2513 1007 2542 om.
1031 2502 1065 2542 A
1134 2502 1182 2542 11
1221 2513 1343 2551 perv.
1370 2502 1486 2542 irrat.
1513 2504 1696 2552 transp.
1722 2503 1771 2546 Ρ.

80 2561 277 2609 exspect.
311 2570 434 2609 perv.
468 2561 515 2600 in
548 2561 644 2610 fine
676 2561 914 2601 enuntiati
999 2560 1052 2600 13
1089 2562 1152 2602 ire
1185 2573 1275 2602 om.
1310 2562 1346 2600 Β
1408 2555 1521 2610 que²
1552 2572 1642 2601 om.
1675 2562 1708 2601 A

83 2617 135 2657 14
168 2619 553 2667 irrationabilibus
585 2619 619 2659 A
686 2621 906 2660 rationem
942 2618 980 2660 C
1048 2620 1102 2660 16
1135 2622 1357 2670 quasdam
1393 2633 1482 2660 om.
1515 2621 1548 2660 A
1617 2620 1669 2660 17
1703 2632 1769 2660 ra-

79 2677 376 2719 tionabilibus
409 2678 491 2720 CB
522 2679 820 2719 rationalibus
851 2679 885 2719 A
959 2678 1014 2718 20
1046 2680 1255 2729 simplice
1289 2681 1326 2719 Ρ
1387 2685 1431 2719 et
1464 2681 1602 2720 boum
1636 2679 1768 2728 excid

79 2737 313 2786 boumque
344 2738 678 2779 exclamatione
710 2738 744 2779 A
855 2738 905 2778 21
941 2739 1159 2779 variatam
1193 2751 1247 2779 ac
1281 2737 1344 2787 (et
1375 2738 1432 2789 A)
1467 2740 1691 2780 diversam
1725 2740 1770 2779 Μ

75 2797 246 2835 variam
280 2796 601 2848 diversamque
625 2798 663 2838 Β
725 2797 780 2838 22
813 2799 965 2838 avium
999 2809 1089 2838 om.
1114 2799 1148 2839 A
1215 2798 1270 2838 23
1303 2799 1524 2840 devenies
1548 2800 1586 2839 Β
1632 2799 1769 2840 locut.

77 2855 231 2895 adhib.
265 2857 447 2906 transp.
479 2857 520 2897 D
606 2857 661 2897 25
694 2858 910 2898 omnibus
942 2858 1098 2898 omnia
1131 2861 1313 2909 transp.
1345 2859 1377 2899 A
1460 2859 1515 2899 26
1550 2861 1595 2898 in
1629 2870 1768 2899 unum

77 2919 119 2953 et
154 2913 263 2962 (hoc
294 2913 418 2964 ord.)
449 2915 482 2955 A
518 2917 564 2955 in
598 2927 833 2965 unumque
867 2916 949 2958 CB
