1982 3172
80 706 224 747 ’16

169 1153 221 1192 17

167 1449 219 1490 18

170 1968 222 2007 19

263 121 365 170 100
624 111 881 159 NEMESII
915 111 1230 159 PREMNON
1263 111 1588 160 PHYSICON

257 250 512 300 accidens
556 250 721 312 igitur
767 255 893 300 sunt
935 250 1113 300 bonae
1157 256 1210 300 et
1252 263 1362 299 non
1407 264 1502 312 per
1544 264 1602 300 se
1641 251 1792 313 ipsas
1837 264 1936 302 nec

257 337 353 386 per
392 330 662 374 naturam.
718 323 789 374 Ut
829 324 975 373 enim
1020 338 1214 373 sanum
1259 323 1380 373 fieri
1424 338 1520 386 per
1558 324 1813 376 accidens
1851 331 1935 376 est

255 398 477 456 bonum,
515 412 709 448 sanum
749 411 881 447 vero
920 411 1042 448 esse
1081 403 1277 448 natura
1313 404 1368 448 et
1406 411 1502 460 per
1538 413 1596 449 se
1629 399 1811 461 ipsum
1851 405 1934 450 est

255 473 477 530 bonum,
516 473 594 522 sic
633 478 685 522 et
724 474 865 523 istae
904 472 1298 523 delectationes
1338 473 1640 522 secundum
1679 473 1933 528 accidens

257 552 382 596 sunt
408 546 600 596 bonae.
619 547 929 596 curationes
961 546 1232 608 quaedam
1263 547 1577 598 existentes,
1620 545 1774 602 Quae
1801 561 1934 598 vero

256 626 383 671 sunt
426 620 907 683 contemplationis
954 621 1349 671 delectationes
1394 635 1490 682 per
1535 634 1593 671 se
1638 622 1788 683 ipsas
1830 622 1934 672 hae

258 700 384 745 sunt
414 694 592 745 bonae
629 701 682 745 et
715 708 812 757 per
845 701 1115 746 naturam.
1162 695 1287 745 Non
1319 697 1465 745 enim
1498 709 1598 757 pro
1630 695 1936 758 indigentia

257 769 414 827 fiunt,
460 769 609 831 quod
656 783 723 819 ex
766 782 834 820 eo
882 775 1047 831 patet,
1094 770 1222 831 quia
1265 783 1376 820 non
1419 770 1599 819 omnis
1642 769 1934 820 delectatio

253 843 593 906 indigentiae
636 850 719 894 est
765 843 1047 906 repletiva.
1103 843 1160 893 Si
1205 857 1337 894 vero
1382 844 1488 894 hoc
1531 849 1628 901 est,
1670 857 1781 894 non
1833 844 1934 894 erit

253 918 468 980 integra
500 917 782 975 diffinitio,
820 931 962 980 quae
995 918 1124 968 dicit
1161 917 1580 968 delectationem
1616 931 1738 968 esse
1770 931 1934 980 gene·
1964 936 1970 966 t

254 993 523 1042 rationem
544 992 859 1042 sensibilem
883 992 938 1041 in
960 998 1229 1042 naturam.
1265 991 1389 1042 Non
1412 993 1557 1042 enim
1582 1005 1773 1042 omnes
1790 1005 1934 1042 com-

255 1065 544 1128 prehendit
574 1066 982 1124 delectationeS,
1018 1066 1114 1116 sed
1149 1065 1476 1128 derelinquit
1508 1080 1645 1124 eam,
1680 1079 1819 1128 quae
1851 1072 1934 1116 est

254 1154 321 1190 ex
355 1140 833 1203 contemplatione.
881 1139 1224 1202 Epicurus
1261 1153 1478 1202 quoque
1516 1139 1934 1191 delectationem

253 1214 540 1264 diffiniens
569 1228 690 1264 esse
724 1215 902 1264 omnis
936 1215 1010 1264 rei
1045 1213 1353 1277 affligentis
1387 1214 1754 1265 sublationem
1782 1213 1931 1267 idem

255 1289 384 1339 dicit
424 1303 546 1339 cum
588 1288 689 1347 his,
731 1289 822 1351 qui
866 1288 1053 1339 dicunt
1093 1290 1504 1351 generationem
1545 1302 1666 1339 esse
1705 1287 1969 1338 sensibi-:

255 1363 362 1413 lem
403 1364 457 1413 ἱη
484 1365 782 1422 ,ηαίιιναιη;
820 1376 947 1412 nam
991 1364 1450 1425 permutationem
1493 1362 1800 1425 affligentis
1843 1362 1934 1413 de-

253 1441 600 1492 lectationem
643 1453 767 1491 esse
809 1441 950 1492 dicit.
1007 1440 1116 1491 Sed
1150 1442 1279 1504 quia
1310 1441 1460 1491 nulla
1499 1442 1780 1504 generatio
1813 1455 1935 1491 cum

256 1512 493 1574 propriis
526 1511 733 1562 finibus
768 1513 931 1561 unius
966 1517 1049 1562 est
1083 1512 1300 1573 generis
1334 1510 1423 1561 vel
1455 1511 1536 1561 eis
1570 1516 1805 1573 cognata
1833 1523 1935 1560 nec

252 1586 664 1649 generationem
716 1585 1095 1636 delectationis
1150 1584 1570 1635 delectationem
1622 1583 1931 1642 dicendum,

252 1660 349 1710 sed
388 1659 652 1723 quiddam
691 1659 841 1710 aliud
882 1674 915 1709 a
954 1659 1332 1710 delectatione.
1382 1658 1523 1708 Nam
1561 1658 1691 1708 dum
1727 1657 1792 1708 fit
1831 1657 1927 1707 ali·
1956 1659 1979 1706 ε’

252 1734 400 1797 quid,
429 1735 712 1797 generatio
746 1740 843 1784 est.
888 1733 1114 1783 Nullum
1148 1739 1331 1784 autem
1366 1733 1637 1783 factorum
1671 1732 1832 1782 simul
1863 1731 1930 1783 fit

252 1815 305 1859 et
349 1809 556 1860 factum
603 1814 700 1866 est,
746 1808 843 1858 sed
888 1807 1260 1865 manifestum,
1307 1808 1448 1870 quia,
1495 1806 1643 1869 quod
1687 1806 1766 1864 fit,
1807 1820 1930 1868 par-

252 1882 520 1934 ticulatim
562 1882 641 1933 iit.
698 1881 860 1937 Quod
902 1887 1086 1932 autem
1130 1881 1446 1939 delectatur,
1487 1894 1556 1931 ex
1597 1886 1714 1931 toto
1755 1879 1931 1930 delec-

253 1963 413 2008 tatur.
454 1957 578 2006 Non
611 1963 694 2007 est
726 1957 892 2019 igitur
924 1955 1207 2018 generatio
1242 1954 1548 2005 delectatio,
1589 1954 1721 2005 Item
1751 1954 1930 2004 omnis

250 2032 533 2094 generatio
560 2045 670 2081 non
701 2031 986 2082 existentis
1014 2036 1113 2088 est,
1147 2029 1436 2081 delectatio
1469 2035 1651 2080 autem
1682 2030 1790 2078 iam
1817 2029 1928 2078 exi·
1953 2042 1965 2076 ε

255 2106 514 2156 stentium
556 2111 652 2156 est.
708 2105 832 2155 Non
889 2105 1054 2167 igitur
1096 2105 1378 2166 generatio
1438 2103 1743 2154 delectatio
1796 2102 1928 2153 Item

253 2181 555 2258 generatio
562 2179 818 2257 quidem
847 2179 1013 2229 velox
1054 2185 1110 2229 et
1153 2178 1335 2256 tarda
1361 2178 1582 2255 dicitur,
1638 2176 1928 2227 delectatio

329 2286 347 2325 1
385 2297 479 2326 acc.
513 2287 572 2336 ig.
606 2288 789 2336 transl).
821 2255 855 2325 A
965 2254 1192 2337 bona<e>
1219 2284 1292 2324 Ho
1399 2284 1444 2332 ip
1449 2294 1500 2323 sa
1530 2283 1565 2323 A
1717 2281 1800 2321 2-
1806 2280 1832 2321 3
1863 2284 1933 2322 est

252 2346 422 2385 bonum
456 2347 637 2395 transp.
663 2345 744 2385 AB
842 2344 868 2383 4
900 2345 1152 2384 secundum
1186 2355 1240 2384 ex
1263 2345 1367 2383 sunt
1391 2353 1508 2382 corr.
1533 2334 1622 2382 Ρ2
1627 2334 1644 2359 ⁸
1733 2340 1760 2380 6
1793 2340 1930 2381 decli-

250 2405 463 2445 nationes
493 2405 531 2445 Β
652 2404 676 2444 7
710 2405 863 2444 bonae
893 2403 930 2443 Β
962 2399 1170 2453 (ἀγαθαὶ)
1204 2414 1293 2442 om.
1311 2401 1391 2442 PA
1516 2400 1565 2440 11
1601 2402 1760 2439 natura
1790 2399 1874 2440 AB

254 2463 307 2502 14
341 2463 435 2504 diff.
463 2474 567 2504 esse
600 2466 782 2514 transp.
810 2463 891 2503 PA
987 2462 1097 2502 15-
1106 2462 1160 2502 16
1192 2460 1457 2502 sensibilem
1485 2454 1566 2512 <in
1590 2452 1832 2510 naturam>
1858 2457 1931 2498 Ho
1966 2491 1968 2493 .

251 2516 333 2570 (εἰς
366 2518 520 2573 φύειν)
683 2522 737 2562 16
769 2519 892 2570 nam]
927 2532 1021 2561 non
1052 2522 1090 2562 B
1242 2520 1296 2560 18
1327 2520 1525 2568 cognata
1554 2517 1595 2558 P
1621 2518 1690 2567 139
1721 2517 1776 2558 El
1808 2513 1932 2566 (ευγ-

248 2577 406 2631 γενήε)
440 2585 717 2631 cogenerata
745 2581 783 2622 Β
815 2578 898 2631 (an
927 2591 1017 2631 pro
1050 2575 1411 2630 congenerata&
1443 2578 1629 2627 cognita
1658 2577 1694 2618 A
1815 2575 1872 2616 20
1904 2587 1931 2616 a

250 2640 556 2681 delectatione
587 2641 627 2681 P
663 2653 691 2680 a
721 2641 1021 2690 generatione
1052 2639 1086 2680 A
1121 2639 1426 2680 delectatione
1455 2636 1493 2678 Β
1613 2636 1719 2676 dum
1751 2646 1842 2676 om.
1871 2629 1931 2676 Ρι

249 2701 403 2750 suppl.
436 2694 495 2739 Ρ3
661 2700 712 2739 21
747 2699 984 2750 generatio
1016 2701 1086 2740 est
1114 2698 1188 2739 Ho
1219 2697 1516 2748 generatione
1547 2695 1675 2736 PAB
1779 2697 1929 2734 autem

250 2769 339 2798 om.
370 2759 408 2798 Β
528 2758 583 2798 22
616 2757 676 2807 et]
711 2761 789 2799 aut
818 2759 856 2799 Β
917 2758 1239 2807 particulariter
1267 2755 1305 2796 Β
1423 2753 1479 2794 24
1511 2757 1581 2794 est
1604 2755 1664 2804 ig.
1689 2756 1870 2804 transp.
1893 2753 1932 2793 Β

309 2829 414 2866 gen.
448 2818 535 2858 del.
569 2820 750 2868 transp.
783 2818 866 2858 AB
949 2812 1538 2934 haffn-&25
1572 2814 1722 2853 omnis
1755 2831 1807 2839 --
1841 2808 1927 2860 est]

249 2877 485 2925 generatio
518 2877 703 2925 quidem
736 2877 871 2917 velox
902 2879 948 2917 et
978 2879 1044 2916 tar
1243 2873 1373 2960 ΨΒ
1386 2892 1449 2932 (Ι.)
1494 2904 1516 2926 ρ,
1537 2916 1553 2929 ᾗ
1664 2882 1686 2911 s
1919 2901 1928 2910 .

251 2931 356 2983 del.]
391 2935 478 2975 del.
512 2936 572 2984 ig.
605 2946 699 2975 non
732 2938 802 2975 est
832 2946 937 2984 gen.
970 2932 1037 2984 (h.
1068 2917 1161 2996 ⁰43³
1202 2956 1240 2970 α
1486 2924 1513 2945 ¹'
1566 2927 1583 2933 ’“

1390 2953 1471 2977 ”⁸⁸¹
1587 2950 1630 2992 '2⁴1'
1649 2984 1654 2990 .
1675 2968 1694 2991 ,’

991 2980 1008 3031 Ι
1036 3002 1085 3039 (υ
1661 2991 1699 3024 'l

987 3036 998 3068 1„
1034 3051 1079 3078 -ΐ,
1113 3000 1141 3114 <
1252 3019 1317 3062 87.
1358 3044 1442 3072 staff*

994 3071 999 3083 Ι
1034 3070 1077 3079 ³⁴·
1399 3067 1555 3092 ⁴¹-4⁸⁸1,-‚
1674 3075 1699 3086 χ’

1469 3088 1619 3124 .*„4L‚S
1685 3093 1700 3113 N
